3296 5328
1354 479 1371 536 Γ)

193 679 222 740 5.
239 675 352 740 lnira
369 657 467 758 quo-(l
483 669 687 758 ¹)spatium
705 674 895 759 temporis
911 678 1148 757 procurator
1165 673 1380 757 precedens

309 783 431 850 faciet
454 785 649 850 rationem
673 785 925 869 procuratori
951 785 1106 849 noviter
1129 784 1263 849 electo.

300 925 445 1015 Quilibet
470 937 664 1016 procurator
697 953 756 1016 pro
779 936 923 1016 tempore
953 933 1160 1013 constitutae,
1194 935 1381 1016 exspirante
1466 985 1470 994 ,

191 1049 338 1124 tempore
363 1064 418 1106 sue
442 1043 639 1125 procuraoie,
664 1041 765 1106 faciat
789 1041 876 1106 iufra
900 1039 1095 1124 quindenam
1119 1063 1201 1106 novo
1226 1063 1380 1126 procura·

189 1151 254 1214 tori
280 1152 450 1230 rationem,
474 1151 681 1235 presentibus
705 1153 846 1216 nationis
871 1151 1068 1235 quibusdam
1093 1153 1277 1236 suppositis
1306 1174 1379 1238 pre-

189 1260 350 1326 sentaudo
375 1261 480 1326 eidem
506 1259 648 1326 rotulum
673 1261 740 1325 sive
763 1261 967 1326 matriculam
993 1281 1064 1324 cum
1090 1261 1259 1345 perceptis,

190 1491 217 1552 6.
251 1485 347 1570 Quis
380 1493 620 1572 procurator
653 1493 691 1552 et
725 1509 797 1570 quo
831 1495 1004 1571 tempore
1032 1487 1238 1582 providere
1263 1487 1379 1552 debet

615 1597 660 1661 ‹le
684 1593 945 1680 predicatore.

296 1737 378 1808 llum
401 1743 492 1808 natio
515 1742 688 1825 Hungarie
712 1743 827 1806 saltem
844 1741 943 1807 semel
968 1739 1142 1807 dumtaxat
1162 1743 1196 1806 in
1213 1763 1298 1806 anno
1315 1741 1377 1807 sol-

185 1852 328 1918 lenniter
352 1875 424 1916 eum
448 1872 596 1916 sermone
621 1850 718 1916 debet
742 1851 906 1916 celebrare
929 1851 1050 1916 festum
1075 1851 1177 1915 suncti
1202 1852 1287 1932 regis
1310 1849 1376 1914 La·

185 1961 282 2026 dislai
316 1959 369 2026 die
402 1961 494 2042 prius
528 1959 607 2038 fato,
640 1964 673 2025 et
705 1961 784 2042 quia
817 1965 1012 2042 procurator
1046 1960 1187 2024 nationis
1216 1957 1376 2044 prelibato

186 2069 312 2134 electus
336 2069 425 2134 cirea
448 2068 568 2133 festum
593 2067 739 2132 Tibureii
759 2062 763 2148 l
787 2073 820 2132 et
843 2065 1014 2134 Valeriani
1039 2065 1209 2132 eomodose
1242 2074 1376 2153 propter
1403 2075 1451 2129 fol.
1466 2076 1496 2128 e¹¹

185 2178 340 2262 temporis
374 2176 585 2259 exiguitatem
619 2197 683 2240 non
716 2180 824 2260 potest
862 2175 1003 2258 aliquem
1043 2173 1195 2241 ordinare
1234 2175 1277 2240 ad
1315 2177 1376 2241 hoc

184 2285 304 2350 festum
330 2285 577 2368 predicatorem,
602 2289 652 2348 est
684 2283 821 2366 proinde
854 2290 1024 2359 statutum,
1058 2290 1095 2349 ut
1127 2277 1295 2348 antedicte
1319 2307 1375 2348 na-

184 2395 281 2459 tionis
305 2395 501 2459 constitutus
524 2397 557 2456 et
581 2391 703 2458 electus
726 2392 757 2454 in
779 2391 832 2456 die
849 2393 953 2457 sirvnoti
970 2387 1162 2456 Golomanni
1179 2398 1375 2474 procurator

182 2501 337 2585 aliquem,
373 2503 431 2584 qui
465 2521 645 2566 sermonem
679 2500 786 2578 faciet,
818 2521 858 2565 ne
890 2499 981 2566 natio
1020 2500 1215 2583 negligatur,
1248 2501 1375 2566 ordinet

184 2615 330 2692 tempore
356 2615 504 2690 maturo;
528 2629 620 2673 secus
641 2603 678 2688 ²),
701 2607 728 2671 si
752 2605 847 2672 fieret
880 2607 1048 2691 neglectio,
1081 2629 1145 2672 uon
1168 2610 1374 2690 procuratori

184 2717 311 2784 estivali
337 2718 393 2782 sed
417 2715 536 2800 yemali
561 2721 706 2799 tempore
730 2715 831 2780 eleeto
856 2717 1000 2799 graviter
1025 2717 1195 2782 nuatione
1212 2716 1374 2800 prelibata

181 2825 245 2889 crit
268 2823 468 2910 imputanda.

183 3056 211 3115 7.
235 3049 292 3115 De
316 3049 471 3132 vigiliis
494 3057 532 3116 ct
556 3049 689 3113 missis
713 3049 832 3114 senrel
854 3051 889 3114 in
915 3072 1015 3114 anuo
1040 3051 1283 3132 generaliter·
1302 3071 1371 3134 pro

316 3157 494 3224 omnibus
519 3157 719 3222 defunctis
743 3179 788 3222 ex
811 3159 970 3222 natione
995 3157 1240 3241 peragendis

290 3299 387 3370 Anno
411 3305 545 3371 Domini
569 3305 622 3370 Μο
646 3311 733 3370 cccc⁰
755 3303 813 3370 xlii
829 3303 866 3387 ³),
892 3305 942 3369 (lie
967 3305 1130 3369 (lominica
1154 3311 1230 3370 aute
1249 3305 1370 3370 festum

179 3415 286 3479 sancti
311 3414 397 3496 regis
420 3413 569 3478 Ladislai
593 3409 622 3495 ⁴)
644 3413 678 3477 in
702 3413 799 3496 plena
822 3414 1073 3496 congregatione
1097 3414 1208 3478 inclite
1231 3415 1370 3480 nationis

179 3523 355 3606 Hungarie
379 3524 490 3587 extitit
513 3522 700 3586 conclusum
721 3522 762 3586 ab
779 3521 902 3600 eadem,
920 3521 1006 3603 quod
1023 3521 1160 3604 quilibet
1175 3531 1369 3605 procurator

179 3631 321 3696 nationis
345 3631 512 3696 antedicto
537 3649 596 3713 pro
621 3636 699 3693 tune
723 3630 864 3694 existens
888 3630 928 3693 ad
954 3630 1060 3694 instar
1092 3628 1231 3694 aliarum
1264 3632 1368 3696 natio-

178 3761 255 3804 num
291 3744 444 3804 teneatur·
477 3738 629 3803 adminus
662 3737 757 3802 semel
787 3739 820 3801 in
844 3737 1025 3802 mutatione
1049 3738 1177 3820 singula
1201 3741 1369 3822 supposita

178 3847 326 3912 eiusdem
351 3869 409 3932 per
433 3847 596 3931 publicam
621 3847 871 3910 insinuationem
896 3867 1072 3910 convocare
1087 3845 1130 3912 ad
1146 3848 1367 3930 peragendum

177 3955 316 4037 vigilias,
342 3961 375 4020 et
399 3955 585 4039 specialiter
608 3953 724 4018 missas
749 3952 979 4046 defunctorum¹
1009 3953 1052 4018 ad
1085 3953 1213 4019 laudem
1247 3962 1280 4020 et
1312 3956 1366 4020 ho·

177 4083 290 4126 norem
315 4063 568 4144 cunctipotentis
591 4061 654 4125 Dei
679 4083 800 4124 necnon
826 4063 968 4126 omnium
992 4065 1175 4128 animarum
1199 4085 1258 4147 pro
1275 4067 1367 4130 refri-

177 4171 268 4253 gerio
293 4175 326 4233 et
349 4169 455 4234 salute
484 4171 517 4234 in
551 4169 733 4254 purgatorii
768 4190 898 4233 earcere
931 4169 1148 4250 detentarum,
1182 4171 1366 4254 specialiter
1451 4167 1459 4184 ’

179 4330 395 4343 -σιι--Ι

288 4402 307 4461 1)
326 4403 351 4452 Δ
369 4397 493 4452 kezirat:
513 4401 585 4466 quot

288 4491 308 4551 Ξ)
327 4488 448 4555 uerene,
467 4487 583 4542 kesobbi
602 4487 711 4542 lentot:
736 4488 834 4542 read«.-

288 4581 308 4642 ⁸)
327 4582 401 4631 Ezen
421 4577 654 4647 alapszabtlybeli
681 4578 862 4634 battrozotok
891 4579 1018 4633 idcirondi
1046 4597 1107 4632 sonu
1135 4578 1218 4633 miatt
1238 4579 1273 4632 itt
1293 4597 1365 4650 vegy

177 4671 345 4722 Mcecexv
363 4685 436 4738 ragy
456 4671 638 4722 Meooexw
656 4667 815 4722 olvasaudo.

280 4751 307 4821 ⁸⁴)
331 4765 396 4810 1415
414 4757 510 4822 junius
530 4767 571 4811 23.
593 4775 664 4828 vagy
687 4767 753 4811 1416
774 4759 869 4825 junius
890 4768 932 4812 21.
