3324 5326
323 425 387 486 956

322 621 400 685 item
424 628 492 687 tres
515 621 625 704 libros,
650 621 732 687 duas
756 621 891 702 ludulae,
925 619 1133 706 presentibus
1157 622 1402 688 venerabilibus
1427 623 1508 688 viris

287 795 292 806 .
322 728 495 812 Magistris
512 727 639 812 Caspai
654 729 869 811 Fridburger,
894 727 1089 797 Sebastiano
1115 731 1247 816 Wayde
1270 731 1311 796 de
1334 731 1512 797 Zerdahel.
1559 753 1565 763 ·

210 838 215 848 ”
272 841 275 850 ’
322 835 447 902 Actum
471 837 635 902 dominica
657 839 808 921 proxime
824 844 898 923 post
921 837 1044 904 festum
1061 847 1174 906 sancte
1190 839 1306 907 Crucis
1330 862 1417 906 anno
1442 840 1511 906 Do·

189 929 300 1058 &23⁸3ss
323 947 401 1012 mini
427 947 596 1012 millesimo
621 943 944 1030 quadringentesimo
967 951 1178 1034 nonagesimo
1202 954 1330 1016 octavo.

845 1129 926 1192 (0400
945 1131 979 1192 1.)

181 1280 233 1334 fol.
244 1289 311 1336 1092
433 1251 529 1320 1493.
553 1255 626 1340 Ego
643 1255 742 1340 Mag.
766 1255 963 1341 Georgius
986 1255 1147 1338 Mandel
1165 1257 1211 1322 de
1228 1257 1406 1339 Posonio,
1431 1263 1510 1323 tnnc

324 1363 481 1445 temporis
504 1364 633 1446 prefate
656 1365 801 1432 nacionis
817 1372 1022 1450 procurator,
1045 1365 1152 1431 fateor
1176 1387 1226 1430 me
1250 1371 1510 1450 prememoratus

324 1491 377 1536 res
401 1472 584 1556 percepisse
608 1493 628 1536 a
652 1471 831 1538 venerabili
855 1473 925 1539 viro
949 1473 1039 1556 Mag.
1072 1473 1228 1538 Jobanne
1254 1466 1322 1557 [de]
1346 1472 1512 1538 Mochach

324 1579 601 1663 supranominato,
633 1580 840 1663 presentibus
872 1581 992 1646 ibidem
1024 1583 1192 1664 magistris
1226 1579 1510 1665 supranominatis.

431 1687 504 1772 Ego
538 1686 677 1770 denique
701 1687 792 1772 Mag.
825 1685 991 1772 Georgius
1024 1689 1162 1756 Maudel
1194 1689 1372 1754 immediate
1396 1709 1520 1770 supra.

323 1796 473 1880 scriptus,
499 1795 633 1878 singulis
658 1797 814 1880 expositis
838 1804 873 1862 et
904 1799 1067 1882 perceptis
1093 1798 1298 1882 computatis,
1322 1796 1511 1880 presentari

322 1905 357 1968 in
380 1923 496 1968 manus
521 1903 718 1970 venerabilis
743 1910 776 1969 01
800 1905 924 1988 egregii
957 1907 1018 1971 riri
1043 1905 1198 1971 Doctoris
1223 1904 1371 1970 Michael
1396 1909 1414 1968 3
1440 1903 1510 1968 flor.

323 2011 540 2094 Ungaricales
556 2013 590 2076 in
607 2034 695 2094 aure,
715 2017 777 2078 100
795 2013 866 2079 den.
883 2007 1110 2097 Ungaricales‚
1125 2022 1146 2082 9
1165 2015 1221 2080 sol.
1238 2013 1310 2079 den.
1328 2018 1362 2078 01
1381 2017 1420 2078 12
1438 2011 1509 2074 den.

323 2117 468 2200 Wienn.;
492 2122 571 2185 item
595 2126 662 2185 tres
686 2120 796 2200 libros,
820 2121 902 2187 duas
925 2121 1068 2203 ludulae·
1086 2121 1292 2206 presentibus
1316 2119 1511 2186 venerabili·

323 2227 384 2292 bus
416 2227 494 2292 siris
527 2227 699 2309 Magistris
734 2227 911 2294 Valentino
943 2227 1111 2294 Oebreusn
1135 2230 1174 2295 de
1208 2227 1348 2308 Corona,
1372 2228 1511 2294 Nicoiao

180 2317 305 2435 nffl'p
325 2335 459 2400 Beboth
484 2335 524 2401 de
548 2335 700 2416 daunino,
725 2335 809 2401 feria
833 2337 976 2402 secunda
1000 2345 1076 2422 post
1099 2338 1242 2404 Martini
1267 2354 1354 2402 anno
1380 2341 1432 2402 98.

838 2519 920 2580 (1498
940 2519 988 2579 II)

433 2645 505 2730 Ego
529 2647 702 2712 Michael
726 2647 919 2728 Vitezius,
944 2649 1151 2714 (lecretorum
1175 2649 1300 2731 doctor,
1326 2653 1405 2712 tunc
1429 2651 1510 2710 tem-

325 2755 412 2838 poris
436 2753 563 2838 prefate
587 2755 735 2819 nationis
751 2761 953 2838 procurator,
977 2755 1084 2821 fateor
1100 2777 1153 2822 me
1176 2760 1433 2840 prememoratus
1457 2775 1510 2818 res

325 2863 505 2946 percepisse
528 2883 549 2926 a
572 2861 749 2928 venerabili
765 2864 834 2927 viro
857 2863 948 2946 Mag.
972 2863 1117 2945 Georgia
1144 2863 1282 2930 Mendai
1305 2863 1345 2926 de
1370 2861 1509 2926 Posonio

325 2971 601 3054 supranominato,
634 2971 840 3053 presentibus
873 2971 993 3038 ibidem
1026 2972 1191 3055 magistris
1224 2970 1510 3055 supranominatis,

180 3057 305 3174 now&
325 3079 377 3144 die
401 3083 433 3142 et
456 3099 543 3142 anne
567 3097 631 3159 quo
656 3100 765 3160 supra.

432 3186 479 3250 Et
503 3207 561 3268 ego
585 3185 729 3251 Michael
761 3183 919 3268 Vitezius,
953 3187 1161 3252 decretorum
1185 3188 1309 3269 doctor,
1333 3186 1512 3253 inmediate

325 3279 630 3377 supranominatum
647 3295 783 3377 singulis
801 3297 955 3380 expositis
973 3301 1007 3360 et
1019 3297 1182 3380 perceptis
1205 3297 1414 3380 computatis,
1437 3317 1512 3382 pre-

324 3403 449 3466 sentari
471 3403 505 3466 in
529 3423 644 3468 manus
676 3402 871 3468 venerabilis
902 3405 962 3468 viri
988 3403 1077 3484 Mag.
1109 3403 1246 3470 Andree
1270 3403 1511 3470 Unverdorben

325 3509 365 3573 de
390 3507 559 3574 Wudweis
582 3514 603 3574 4
627 3509 696 3574 flor.
720 3509 965 3594 Hungaricnles
982 3511 1015 3576 in
1040 3532 1130 3594 aure,
1156 3516 1221 3576 100
1245 3511 1318 3577 den.
1341 3511 1512 3592 Hungari-

325 3616 418 3697 cales,
444 3621 463 3680 9
488 3617 554 3699 001,
579 3623 620 3682 28
645 3618 717 3682 den.
751 3618 903 3700 Wienn.;
937 3620 1015 3684 item
1040 3626 1109 3686 tres
1132 3620 1242 3700 libros,
1266 3619 1349 3688 duas
1372 3617 1513 3696 ludulae,

325 3724 532 3806 presentibus
556 3725 798 3791 venerabilibus
814 3727 893 3791 viris
917 3727 1006 3808 Mag.
1029 3726 1176 3811 Oespare
1192 3727 1409 3809 Fridburger‚
1432 3733 1513 3790 tunc

325 3833 481 3914 temporis
505 3837 633 3896 rectore
657 3833 754 3898 huius
770 3833 854 3897 alme
871 3835 1102 3916 universitatis,
1127 3830 1219 3900 Dom.
1244 3833 1390 3899 Doctore
1406 3833 1512 3897 Wen-

325 3939 447 4003 cesslao
470 3939 510 4004 de
534 3939 713 4022 Wudweis‚
737 3941 827 4024 Mag.
851 3940 997 4026 Georgia
1015 3941 1158 4024 Mandat,
1183 3941 1273 4024 Meg.
1296 3941 1446 4006 Martino
1472 3939 1513 4003 de

177 4029 303 4164 assffgp
325 4045 465 4128 Oibinio,
490 4047 542 4111 die
565 4047 792 4112 Bartholomei
817 4038 903 4115 armo
928 4054 980 4115 99.

853 4211 933 4272 (1499
952 4212 986 4272 I)

432 4329 478 4398 Et
511 4357 571 4418 ego
596 4333 695 4418 Mag.
728 4335 908 4403 Andreas
932 4337 1225 4420 Unverdorben,
1248 4343 1329 4404 tunc
1352 4339 1513 4422 temporis

326 4440 454 4524 prefate
477 4443 625 4518 nacionis
649 4449 854 4528 procurator,
879 4445 986 4510 fateor
1003 4466 1054 4509 mo
1079 4451 1337 4528 prememoratus
1360 4467 1411 4512 res
1433 4467 1514 4528 per-

326 4551 450 4632 cepisse
474 4573 494 4615 a
510 4550 688 4616 venerabili
705 4551 775 4616 viro
792 4551 887 4616 Dom.
911 4552 1056 4618 Doctore
1072 4553 1235 4618 Michaele
1250 4553 1378 4620 Vitenio
1395 4575 1515 4636 supra-

324 4659 501 4740 nominato,
515 4659 724 4742 presentibus
741 4659 860 4725 ibidem
878 4662 943 4726 iam
958 4662 1063 4726 dictis.
1082 4660 1182 4726 Anno
1199 4667 1233 4727 et
1250 4662 1304 4727 die
1320 4683 1384 4744 quo
1400 4683 1512 4746 supra.
