3330 5324
1259 445 1329 509 351*

135 643 294 714 ducatum
317 652 351 712 01
374 641 525 728 10101011,
549 619 595 711 nil
619 642 726 711 adhuc
749 641 839 711 dedit
856 651 978 710 etcum
1003 647 1151 710 mortuus
1176 643 1228 726 sit,
1252 667 1324 710 suc-

135 778 248 822 cessor
270 761 412 822 tenetur.

661 862 742 924 (1010
761 859 810 922 11.)

246 1005 343 1077 Anno
367 1010 536 1078 aOhristo
552 1015 631 1082 11010
654 1007 860 1091 ΜΒΟΧἮ,
884 1010 954 1094 ipso
969 1009 1031 1089 die,
1047 1011 1105 1094 qui
1121 1009 1321 1076 Oolomanno

133 1119 276 1202 martyri
299 1141 391 1185 sacer
414 1123 494 1200 erat,
518 1117 718 1184 anobilibus
742 1123 776 1183 et
800 1118 990 1183 clarissimis
1014 1117 1154 1202 inclytae
1177 1119 1321 1184 nationis

135 1226 324 1312 ngaricae
349 1228 488 1294 dominis
511 1227 633 1293 electus
651 1225 698 1292 fui
714 1248 775 1310 ego
800 1227 866 1293 Fr.
890 1225 1125 1294 Theodorus
1148 1226 1174 1292 J
1180 1247 1326 1292 oannes

135 1335 339 1416 Fichtner‚
355 1339 583 1402 sacrosanctae
600 1335 783 1418 theologiae
800 1335 924 1416 doctor,
935 1333 1057 1401 ordinis
1075 1333 1326 1414 Praedicatorii‚

136 1449 172 1508 et
188 1443 285 1510 simul
301 1465 373 1509 cum
383 1443 456 1512 aliis
466 1445 637 1514 nationum
647 1443 784 1509 dominis
794 1442 1064 1537 procuratoribus
1074 1443 1108 1508 in
1118 1441 1326 1525 magnificum

135 1552 364 1618 universitatis
388 1557 522 1618 nostrae
546 1553 724 1618 Rectorem
748 1551 831 1635 elegi
864 1551 1079 1616 clarissimum
1102 1551 1207 1616 virum
1230 1551 1325 1616 Dom.

137 1659 301 1725 Thebiam
339 1659 574 1742 Piribachium,
612 1660 838 1746 philosophiae
876 1664 909 1725 et
947 1658 1125 1724 medicinae
1158 1659 1326 1724 doctorem

137 1767 350 1853 ejusdemque
371 1769 540 1836 facultatis
555 1770 772 1854 professorem
793 1769 1002 1834 ordinarium.
1027 1766 1061 1833 A
1077 1768 1326 1852 praedecessore

135 1897 219 1958 meo,
236 1877 415 1942 clarissimo
425 1877 520 1943 Dom.
537 1876 686 1962 Georgia
699 1877 891 1959 Schuberto,
898 1877 982 1960 juris
993 1879 1166 1960 utriusque
1184 1877 1325 1960 doctore,

1341 998 1390 1053 fol.
1406 999 1472 1052 1561)

1296 1119 1302 1132 ,
1370 1079 1448 1137 1616,

1344 1144 1401 1197 0111.
1424 1151 1466 1198 13.

136 1992 274 2067 praeter
296 1985 384 2050 hunc
407 1985 528 2051 librum
545 1992 578 2052 et
595 1986 705 2052 debita
730 1985 889 2070 quaedam
908 1985 1152 2052 intitulatorum
1175 1987 1210 2051 in
1233 1985 1326 2050 char·
1364 1985 1367 1995 '

135 2092 208 2166 11110
232 2093 375 2178 quadarn
399 2095 594 2178 conscripta,
618 2093 729 2178 accepi
753 2093 844 2159 nihil.
877 2091 910 2158 A
936 2095 1117 2160 clarissimo
1151 2093 1325 2159 admodum

137 2205 172 2264 et
189 2205 324 2266 strenuo
341 2201 436 2268 Dom.
453 2202 554 2268 Petro
570 2201 759 2284 Lambcrt0‚
772 2201 857 2286 juris
867 2204 1043 2288 utriusque.
1055 2204 1195 2286 doctore,
1212 2225 1325 2270 sacrae

135 2305 322 2374 Caesareae
355 2309 544 2376 Maiestatis
568 2311 602 2376 iu
635 2309 760 2376 excelso
784 2311 941 2394 regimine
973 2311 1168 2394 consiliario,
1201 2311 1325 2377 nationi

139 2414 296 2483 donatam
330 2419 442 2502 accepi
473 2418 627 2500 ladulam,
654 2440 753 2502 quam
776 2419 873 2484 simul
905 2440 978 2484 cum
1011 2419 1082 2485 aliis
1110 2419 1259 2486 omnibus
1290 2425 1326 2484 'et

137 2523 275 2608 singulis
301 2527 479 2591 successori
495 2548 575 2606 meo,
594 2526 772 2592 reverendo
789 2531 823 2590 01
833 2525 1104 2592 excellentissimo
1123 2526 1218 2592 Dom.
1234 2525 1326 2608 Mag.

138 2629 283 2715 Georgio
308 2631 482 2716 Stechelio,
506 2634 685 2700 rethoricae
709 2633 894 2718 professori,
918 2633 1102 2700 fidelissime
1125 2633 1258 2700 tradidi.

247 2739 426 2824 Negotium
441 2741 503 2806 hoc
518 2743 666 2808 semestri
689 2743 823 2807 racione
839 2741 1104 2826 professurarnm
1115 2741 1325 2827 ¹philosophi-

136 2870 251 2914 carum
268 2871 288 2913 a
303 2869 398 2915 sacra
414 2848 576 2916 Caesarea
593 2851 771 2916 Maiestate
788 2847 947 2916 Societati
963 2849 989 2914 J
991 2872 1048 2916 esu
1065 2847 1325 2916 concreditamm

134 2956 226 3022 inter
250 2959 499 3024 universitatem
516 2963 549 3024 et
565 2956 685 3024 Patres
710 2959 816 3024 dictae
841 2955 1017 3024 Societatis
1042 2958 1096 3022 diu
1122 2957 1324 3040 multumque

134 3067 330 3132 ventilatum
353 3067 424 3150 fuit,
440 3068 487 3132 uil
502 3073 612 3134 tamen
629 3067 797 3150 effectum
820 3067 962 3152 plurima
985 3071 1161 3148 attentata,
1184 3067 1325 3151 paucula

134 3173 283 3241 obtenta.
315 3175 441 3242 Mirum
475 3177 574 3259 dictu,
598 3198 684 3260 quae
707 3181 741 3241 et
765 3181 888 3259 quante
912 3197 932 3242 a
955 3175 1114 3242 Patribus
1147 3173 1324 3241 8001010110

135 3285 247 3347 motae
272 3281 495 3366 difficultates,
513 3290 593 3367 quot
612 3285 819 3366 excogitatae
842 3285 1078 3364 excusationes,
1095 3284 1323 3367 exemptiones

134 3390 163 3454 si
181 3393 292 3456 tamen
307 3390 527 3474 difficultates
544 3393 770 3458 excusationes
790 3393 1076 3475 exemptionesque
1099 3390 1323 3490 appellandae.
1405 3393 1408 3401 “

245 3484 375 3581 Quarta
398 3499 523 3582 Martii,
548 3501 581 3565 in
605 3501 732 3566 excelso
766 3501 924 3584 regimine
958 3499 1146 3565 considente
1171 3519 1321 3564 consessu

133 3607 346 3689 amplissimo,
386 3614 557 3692 praesente
590 3613 661 3674 tota
693 3608 917 3690 universitate,
950 3607 1093 3692 diploma
1126 3607 1322 3674 Caesareum

133 3714 377 3798 publicabatur,
401 3717 492 3781 cuius
516 3716 731 3800 publicationi
765 3715 884 3781 Patres
908 3712 1081 3782 Societatis
1112 3717 1322 3799 quantumvis

132 3825 254 3906 vocati,
286 3825 386 3890 immo
410 3825 513 3906 citati,
535 3847 602 3890 nen
632 3830 744 3892 tamen
768 3847 986 3910 comparuere,
1010 3825 1106 3892 unico
1140 3823 1323 3909 theologiae

134 3931 321 4014 professore
354 3927 481 4014 (utrum
504 3953 565 4016 pro
597 3937 691 4017 parte
724 3933 949 4000 universitatis
973 3954 1016 3997 an
1039 3953 1116 3997 suae
1149 3929 1324 4026 8001010110

1371 3482 1449 3541 1617,

1335 3551 1434 3600 marca.
1449 3555 1473 3601 4.

134 4035 314 4122 incertum)
348 4047 492 4125 excepto.
530 4039 618 4125 Quia
649 4063 726 4108 vero
751 4042 927 4126 diplomate
960 4041 1044 4107 lecto
1067 4041 1194 4106 viderat
1225 4041 1324 4126 privi-
1383 4117 1413 4130 ,Α

133 4145 224 4231 legia
247 4152 280 4214 01
303 4148 529 4214 immunitates
561 4149 625 4215 sibi
648 4149 807 4230 imminui,
828 4149 915 4232 juste
940 4155 973 4214 et
996 4171 1061 4214 uon
1084 4149 1210 4215 frustra
1241 4148 1323 4216 Cae-

133 4275 251 4322 sareae
274 4255 447 4322 Maiestati
471 4258 668 4324 universitas
692 4257 888 4342 supplicavit
904 4279 964 4340 pro
988 4259 1233 4323 conservatione
1256 4257 1322 4340 pri-

133 4361 337 4446 vilegiorum‚
360 4385 445 4448 quae
469 4365 605 4431 auribus
628 4365 780 4450 benignis
807 4363 964 4431 inclinata
987 4365 1131 4449 diploma
1153 4365 1265 4430 multis
1289 4365 1323 4428 in

132 4473 267 4557 punctis
289 4474 474 4539 inmutavit.

243 4581 374 4647 Bellum
397 4583 484 4648 inter
499 4581 645 4650 Venetos
662 4587 695 4647 et
711 4583 951 4647 serenissimum
967 4580 1106 4664 Styriae,
1121 4580 1322 4662 Oarinthiae,

132 4688 311 4758 Oamiolae
330 4691 551 4774 Austriaeque
561 4689 769 4756 archiducem
781 4691 948 4756 dominum
964 4689 1059 4756 Dom.
1075 4688 1322 4756 Ferdiuaudum
