3296 5328
1298 411 1337 470 27

264 601 519 690 1109100051ιοι
545 603 719 672 Vexillifer
742 607 786 670 ile
807 604 1046 670 Transillvania
1078 605 1109 669 iu
1136 605 1187 670 die
1213 613 1340 672 sancto-

152 737 226 781 rum
261 715 407 782 Tiburcii
440 723 473 780 et
506 713 675 782 Valeriani
699 715 871 780 martirum
895 715 928 780 in
953 721 1200 799 procuratorem
1231 715 1339 782 inclite

153 823 301 907 Ungarie
324 825 468 890 nacionis
501 823 622 890 electus
646 829 696 890 est
720 845 804 889 anno
834 823 966 890 Domini
990 825 1161 892 millesimo
1184 827 1340 910 quingen·
1369 828 1480 960 §3502

153 943 271 1007 tesimo
296 941 458 1026 quintal).

262 1080 356 1150 Anno
390 1085 568 1168 Virginalis
601 1091 715 1169 partus
740 1093 892 1151 currente
919 1089 1013 1168 1507,
1038 1091 1183 1172 temporo
1208 1085 1340 1152 vernali.
1397 1097 1471 1150 1507.

150 1205 187 1267 in
211 1201 264 1266 rlic
290 1202 435 1266 divorum
460 1200 583 1268 scilicet
607 1201 756 1268 'liburcii
780 1209 813 1268 et
836 1201 1007 1269 Valeriani
1024 1204 1205 1284 martirum,
1221 1203 1340 1268 nobilis

150 1311 342 1394 arciumque
374 1309 557 1375 liberalium
590 1309 680 1393 Mag.
705 1309 837 1378 Cirillus
870 1311 994 1376 Pintha
1017 1335 1033 1376 z
1057 1311 1283 1378 Erczissowicz
1308 1311 1340 1374 in

150 1425 401 1503 procuratorem
424 1417 569 1484 nacionis
593 1417 765 1500 Hungarie
791 1419 942 1499 concordi
967 1439 1042 1484 voce
1066 1419 1187 1485 electus
1212 1425 1271 1486 est.

1369 1163 1427 1230 ripr.
1451 1172 1490 1216 14.

260 1557 383 1628 Eodem
407 1582 491 1626 anno
515 1567 683 1645 utsupra,
717 1564 750 1626 in
775 1561 825 1626 die
850 1561 1050 1642 Colomanni,
1080 1563 1169 1646 Mag.
1193 1541 1339 1630 Christo-
1395 1568 1470 1614 ¹⁵07·

147 1671 273 1755 phorus
297 1669 458 1735 Abortius
482 1668 603 1734 electus
626 1675 675 1734 est
699 1671 732 1734 in
755 1677 1002 1753 procuratorem
1026 1671 1139 1753 primo.
1168 1667 1241 1752 Quo
1265 1693 1339 1754 pro·
1367 1636 1420 1684 Μ’
1445 1642 1483 1686 ¹3'

148 1785 286 1844 curante
312 1778 444 1862 quidem
468 1777 492 1842 J
495 1779 637 1844 ohannes
662 1779 816 1844 Hekman
828 1777 864 1862 ²),
889 1780 1009 1844 artium
1025 1779 1180 1861 magister
1197 1783 1229 1842 et
1246 1799 1338 1843 sacre

147 1887 311 1970 theologie
343 1887 534 1954 licenciatus
567 1910 606 1952 ao
639 1888 838 1972 collegiatus,
871 1887 904 1951 in
931 1869 1096 1954 ¹rectorem
1121 1887 1242 1954 electus
1265 1889 1338 1952 ruit.

147 1995 191 2060 In
216 1995 310 2060 cuius
333 1999 500 2059 rectoratu
516 1996 739 2060 controversia
762 2017 827 2060 non
850 2015 953 2078 parva
969 2017 1008 2060 ex
1025 2001 1119 2078 parte
1137 1994 1235 2060 officii
1255 1997 1338 2061 vice·

146 2102 400 2167 cancellariatus
423 2102 512 2168 inter
536 2102 726 2168 facultatem
750 2104 871 2168 artium
896 2109 929 2167 et
951 2103 1118 2168 nationem
1143 2103 1279 2170 Austris
1299 2125 1337 2168 ex

145 2233 216 2276 nna
240 2219 337 2296 parte
360 2217 393 2276 et
416 2210 511 2276 Dom.
535 2211 577 2276 N.
601 2211 734 2293 Putsch,
758 2212 959 2295 prepositum
983 2211 1213 2294 Viennensem,
1242 2211 1337 2278 Dom.

144 2317 395 2403 Cuspinianum,
427 2319 648 2386 consiliarium
674 2319 825 2397 eiusdem,
858 2319 1004 2403 aliosque
1028 2319 1229 2386 consiliarios
1262 2343 1337 2386 suos

145 2432 180 2490 et
216 2427 385 2491 nationem
419 2427 610 2508 Renensem,
643 2433 735 2512 parte
761 2427 938 2508 exaltare,
967 2435 1081 2494 exorta
1106 2434 1163 2495 est.
1187 2429 1250 2494 Sed
1274 2430 1337 2496 illis

146 2533 360 2617 litigantibus
383 2535 431 2599 ita
455 2555 488 2599 se
511 2535 603 2599 natio
626 2534 774 2618 Ungaria
798 2557 870 2601 cum
894 2543 1107 2619 procuratore
1132 2559 1190 2604 suo
1210 2561 1243 2604 se
1259 2561 1339 2604 neu-

144 2642 269 2708 tralem
304 2643 462 2724 exhibuit,
494 2649 531 2708 01
558 2665 622 2729 ι000
646 2665 666 2709 a
689 2645 821 2708 minimo
846 2645 1006 2730 inculpari
1029 2647 1137 2730 potuit
1160 2647 1218 2711 sed
1242 2668 1336 2712 omne

145 2749 238 2832 quod
262 2749 371 2814 laudis
394 2757 443 2814 cst
466 2757 624 2816 assecuta.
658 2747 866 2834 Quamquam
890 2752 951 2817 hoo
975 2751 1181 2818 Renensibus
1206 2755 1337 2836 quibus-

142 2857 225 2922 dam
249 2864 283 2922 et
306 2858 427 2923 rectori
457 2866 594 2940 asserto
626 2865 765 2942 protunc
797 2861 896 2926 etiam
928 2861 1082 2942 Renensi,
1111 2861 1242 2926 minime
1266 2861 1335 2945 pla-

141 2965 253 3030 cuerit
287 2971 347 3030 010.
373 2972 406 3030 01
430 2967 491 3032 hoc
513 2987 573 3049 pro
597 2967 827 3034 informatione
859 2974 1063 3052 posterorum
1092 2967 1155 3033 huo
1179 2969 1254 3052 poni
1279 2969 1334 3034 de-

141 3079 274 3138 cretum
299 3080 355 3138 est.

255 3201 350 3273 Anno
383 3209 498 3274 salutis
534 3213 632 3289 1508,
663 3211 697 3276 10
730 3211 782 3275 die
806 3211 1103 3294 scilicetdivorum
1128 3209 1277 3278 Tiburcii
1300 3219 1333 3276 et
1389 3233 1464 3282 1508.
1547 3277 1560 3296 r„

139 3316 318 3382 Valeriani
343 3317 524 3398 martirum,
549 3319 583 3383 in
606 3324 852 3402 procuratorem
869 3319 982 3385 inclite
997 3321 1140 3386 nationis
1159 3319 1333 3403 Hungarie
1360 3303 1419 3368 5¹³·
1442 3309 1481 3354 ¹⁴·

137 3425 268 3490 electus
291 3429 341 3489 est
366 3425 559 3490 venerabilis
590 3427 640 3490 vir
663 3425 753 3510 Mag.
777 3427 944 3492 Martinus
973 3427 1105 3493 Pilades
1139 3427 1333 3511 OibinensiS,

135 3529 306 3616 plebanus
328 3533 363 3596 in
387 3531 552 3598 Omlasch.
636 3590 639 3599 .

254 3634 348 3702 Auno
373 3639 505 3705 Domini
533 3645 629 3720 1508,
653 3642 686 3706 in
711 3641 762 3706 die
786 3644 892 3708 sancti
917 3642 1120 3724 Cholomani,
1143 3643 1263 3710 electus
1282 3652 1331 3712 est
1385 3671 1459 3718 reos.

135 3750 171 3812 in
199 3753 449 3831 procuratorem
473 3749 619 3814 nacionis
635 3749 790 3846 'lingarie
815 3751 905 3834 Mag.
929 3750 1125 3818 Ambrosius
1142 3751 1272 3818 Salczer
1290 3753 1329 3820 de
1355 3739 1409 3790 ⁰⁰l·
1432 3745 1472 3791 ¹3·

133 3854 311 3939 Sopronio.

252 3984 339 4052 1509
374 3987 473 4052 Anno
506 3989 622 4055 salutis
655 3991 785 4074 mdlx,
820 3993 888 4057 xiiii
921 3989 1059 4077 Aprilis²
1097 3995 1152 4077 qni
1186 3995 1255 4060 (lies
1280 4005 1330 4061 est
1361 4017 1458 4094 0500.

131 4097 313 4161 beatorum
347 4098 530 4162 martirum
552 4095 694 4164 Tiburtii
728 4107 762 4164 et
794 4099 973 4181 Valeriani,
1003 4101 1110 4168 factus
1134 4110 1329 4186 procurator
1356 4095 1414 4148 ‘¹¹⁸'
1437 4089 1477 4136 ¹⁴·

129 4203 286 4268 nationis
311 4201 456 4286 Ungarie
479 4203 669 4272 Dominioue
694 4205 847 4289 Albinus,
863 4209 983 4274 artium
1000 4209 1162 4292 magister,
1179 4209 1328 4296 Schwey-

130 4312 292 4376 nitzenis.

250 4490 268 4550 ¹)
297 4490 338 4540 Itt
365 4489 429 4544 ezek
457 4507 473 4542 a
501 4491 701 4559 procuratorolr
728 4489 919 4560 hianyzanak:
948 4498 1022 4563 Mag.
1049 4495 1174 4548 Andreas
1193 4500 1327 4562 Meyxusr

127 4585 217 4636 (1505
239 4581 287 4644 Π),
301 4583 376 4648 Mag.
389 4579 451 4632 Joh.
468 4584 576 4650 Angrer
587 4584 667 4643 (1500
681 4587 704 4644 Ι)
718 4584 745 4634 es
760 4587 833 4652 Mag.
849 4582 983 4652 Georgius
1003 4583 1037 4638 dc
1051 4588 1075 4638 S.
1094 4587 1172 4637 Anna
1185 4589 1265 4645 (1500
1281 4590 1324 4639 111.

247 4673 268 4730 ³)
288 4671 313 4722 A
333 4667 379 4738 lap
399 4669 488 4724 sailen
508 4671 566 4724 mas
584 4671 691 4726 kezeol:
714 4671 828 4726 Seuerus.
