3280 5326
310 365 351 429 78

170 562 277 612 148511
388 617 390 622 .
416 556 486 628 Sub
511 561 699 648 procuracla
723 559 812 648 Mag.
838 555 1042 628 Wonczeslai
1073 550 1298 626 Lethoschnik
1331 581 1369 623 ex
1402 551 1489 624 Bud-

308 671 381 758 ueis
407 671 451 735 hii
474 672 645 738 intitulati
657 672 789 738 fuerunt
814 671 1005 752 waccalarii,
1029 691 1115 736 anno
1139 676 1199 736 etc.
1227 671 1330 732 1485:

414 779 613 846 Valentinus
638 779 792 846 Pellificis
817 803 856 846 ex
881 778 1020 862 Oorona,
1046 779 1136 845 dedit
1162 783 1177 844 1
1205 801 1253 862 gr.

167 909 267 958 14861
414 898 484 972 Sub
508 909 700 991 procuracia
724 905 815 987 Mag.
831 903 1003 972 Valentini
1028 905 1068 971 de
1091 904 1230 986 Corona,
1255 924 1340 970 anno
1360 901 1489 967 Domini

309 1012 450 1094 14eV10,
474 1013 651 1081 baccalarii
673 1015 849 1098 subscripti
871 1019 946 1078 sunt
968 1013 1146 1079 intitulati:

415 1121 572 1189 Nicolaus
595 1122 705 1190 Wach
729 1125 768 1188 de
793 1121 941 1204 Mohora,
969 1127 1009 1187 12
1034 1121 1106 1188 den.

318 1253 320 1258 ·
414 1231 509 1299 Dom.
533 1231 762 1317 sigismundus
787 1232 827 1297 de
851 1229 989 1312 Oorona,
1014 1229 1153 1296 crucifer
1177 1231 1209 1294 in
1233 1227 1351 1295 Castro
1374 1226 1488 1306 Maris,

306 1343 396 1412 dedit
420 1345 463 1408 24
487 1341 557 1408 den.

414 1449 561 1516 Mathias
584 1449 729 1516 Sertoris
753 1447 793 1516 de
816 1445 955 1529 Corona,
976 1447 1068 1513 dedit
1087 1451 1103 1511 1
1121 1469 1168 1530 gr.

166 1583 233 1628 148⁶
247 1579 274 1628 11
415 1567 485 1642 Sub
510 1576 705 1661 procuracia
728 1574 818 1658 Mag.
835 1571 983 1658 Symonis
1007 1571 1185 1639 Kienawer
1209 1592 1249 1636 ex
1273 1569 1417 1654 Legnicz
1444 1567 1489 1632 hii

305 1685 508 1768 infrascripti
532 1683 709 1750 baccalarii
732 1681 893 1748 intitulati
916 1689 994 1750 sunt
1010 1689 1079 1763 etc,
1096 1701 1181 1746 anno
1197 1678 1366 1745 salutifere
1386 1679 1488 1742 incar-

304 1795 451 1860 nacionis
474 1788 599 1858 Christi
626 1786 767 1872 14871):

410 1897 611 1968 Valentinus
635 1899 750 1964 Kreus
774 1899 815 1964 dc
839 1897 990 1978 Oorona,
1004 1903 1045 1964 14
1070 1897 1142 1964 den.

410 2008 609 2074 Franciscus
633 2005 795 2073 Demetrii
818 2007 945 2092 Zahtzy
971 2008 1010 2072 de
1034 2006 1238 2088 Albaregali,
1263 2011 1282 2070 9
1307 2005 1381 2070 den.

166 2123 230 2170 1⁴⁸⁷
246 2119 272 2168 ΙΙ
410 2115 499 2182 Dum
521 2115 613 2200 Mag.
629 2115 803 2199 Philippus
828 2115 1004 2199 Zondyuns
1028 2115 1269 2200 procurationis
1292 2111 1402 2178 officio
1418 2111 1488 2175 fun·

100 2233 104 2240 ’
304 2231 446 2309 geretur,
470 2225 619 2308 inscripti
643 2230 719 2290 sunt
742 2227 777 2289 in
800 2224 945 2290 rotulum
969 2225 1115 2290 nacionis
1149 2223 1340 2306 Hungarice
1372 2221 1487 2286 bacco·

303 2334 377 2398 larii
401 2332 611 2418 infrascripti,
634 2353 719 2398 anno
745 2333 856 2416 gracie
879 2332 1049 2398 millesimo
1065 2331 1386 2415 quadringentesimo
1403 2337 1487 2393 octo

302 2443 423 2524 gesimo
446 2441 601 2526 septimo:
971 2433 973 2436 ’

409 2548 610 2614 Benedictus
633 2549 838 2614 baccalarius
865 2547 905 2614 de
928 2547 1079 2629 Ohasma,
1106 2553 1147 2613 10
1171 2548 1242 2612 den.

409 2657 528 2722 Petrus
552 2657 591 2722 do
614 2641 713 2740 Ethe,
740 2662 779 2721 12
805 2658 878 2723 den.

409 2763 594 2848 Stephanus
619 2764 660 2829 de
683 2763 867 2848 Hereznye,
893 2760 956 2850 7¹3¹,
986 2765 1058 2830 don.

410 2867 531 2956 Symon
554 2872 593 2936 de
616 2871 758 2956 Ecuegh,
782 2878 802 2938 8
821 2873 893 2938 den.

162 3027 228 3073 mss
248 3023 263 3070 1
411 2991 482 3064 Sub
505 3001 698 3084 procuracia
721 2999 811 3082 Mag,
836 2999 975 3065 Martini
999 2997 1130 3066 Pruna
1153 3022 1192 3064 ex
1216 2997 1428 3081 Rachndsrff,
1452 2999 1486 3063 li·

154 3098 262 3217 ,¹‡⁸⁸l·4
302 3107 439 3171 cenciati
462 3107 496 3170 in
520 3106 693 3190 theologia,
718 3106 812 3172 electi
836 3109 869 3172 in
892 3109 946 3174 die
970 3115 1155 3176 sanctorum
1174 3109 1319 3176 Tiburcii
1337 3114 1371 3174 et
1388 3107 1485 3176 Vale·

150 3183 208 3232 ³¹³⁸
264 3201 270 3214 ’
302 3215 386 3278 risui
409 3215 582 3280 martirum
607 3237 692 3280 anno
715 3220 811 3296 1488,
827 3217 989 3282 intitulati
1013 3225 1089 3283 sunt
1105 3217 1282 3288 baccalarii
1296 3217 1484 3300 subscripti:

408 3319 503 3386 Dom.
519 3321 695 3387 Udalricus
711 3321 829 3388 Abran
854 3323 894 3388 de
918 3323 1117 3408 Nagluhcze,
1143 3324 1346 3390 baccalarius
1363 3325 1482 3390 arcium

301 3428 542 3510 canonicusque
564 3427 784 3512 Jaurincnsis,
808 3430 901 3496 dedit
925 3436 967 3496 20
992 3429 1064 3495 den.

408 3537 579 3602 «lohannes
603 3536 788 3604 Macellarii
812 3540 852 3604 de
877 3540 981 3620 Buda,
1006 3539 1096 3604 dedit
1122 3545 1138 3602 7
1166 3537 1238 3604 den.

409 3643 579 3710 Johannes
604 3643 723 3710 Tinkel
747 3646 786 3710 de
810 3645 947 3729 Iglavia,
971 3645 1063 3712 dedit
1087 3651 1104 3708 7
1132 3646 1202 3712 deu.

408 3753 555 3819 Mathias
578 3753 742 3820 Knoflach
767 3753 808 3819 de
831 3753 967 3838 Corona,
992 3754 1084 3821 dedit
1112 3761 1151 3820 10
1176 3756 1248 3823 den.

409 3859 504 3924 Dom.
528 3860 699 3926 Johanncs
724 3861 848 3927 Tresch
872 3861 913 3926 de
938 3859 1109 3946 Ozeydino,
1133 3861 1224 3928 dedit
1248 3865 1267 3927 8
1293 3863 1364 3929 den.

161 4001 228 4047 ress
242 3998 271 4046 11
410 3976 481 4048 Sub
504 3967 695 4066 procur-acia
719 3985 809 4070 Mag.
833 3987 963 4052 Mathei
986 3987 1150 4054 Knofloch
1173 3988 1212 4054 de
1244 3985 1376 4055 Corona
1408 3997 1481 4056 sunt

302 4091 462 4156 intitulati
479 4089 654 4157 baccalarii
671 4093 840 4159 subnotati
851 4092 892 4176 r),

82 4241 87 4249 -
162 4217 228 4262 ress
243 4214 271 4262 11
410 4191 479 4262 Sub
513 4201 705 4282 procuracia
739 4199 939 4268 honorabilis
971 4203 1066 4269 Dom.
1089 4203 1219 4270 Mathis
1243 4204 1480 4284 Pulcrimontis,

300 4303 442 4389 plebani,
465 4314 541 4390 post
564 4330 729 4375 recessum
752 4309 842 4393 Mag.
859 4311 985 4377 Mathis
1008 4313 1173 4378 Knofloch
1196 4313 1236 4379 de
1259 4313 1397 4396 Corona,
1412 4315 1479 4399 ipso

409 4539 429 4598 ¹)
448 4541 509 4606 Egy
528 4554 572 4590 sor
591 4538 708 4604 teljesen
726 4537 756 4592 ki
775 4557 829 4592 van
848 4539 978 4597 askerus.

409 4630 429 4694 ²)
449 4627 531 4680 Seuki
551 4628 623 4682 sinos
642 4631 815 4701 bejcgyezve.

23 5000 729 5248 A
