3324 5326
1265 450 1330 516 323

140 638 344 712 Christianis
361 650 510 730 ereptum
526 649 749 732 occupaverat,
767 644 808 713 ab
824 645 1041 731 Imperatoris
1056 647 1162 714 nostri
1178 648 1332 731 exercitu,

139 753 180 820 in
203 775 268 839 quo
292 755 438 838 equitum
454 759 488 822 et
503 756 651 840 peditum
675 755 898 839 quadraginta
921 760 1065 839 quatuor
1088 755 1192 822 millia
1215 761 1249 822 et
1272 743 1332 821 du-

139 864 233 928 centi
249 862 349 928 fuisse
366 863 530 946 dicuntur,
546 864 628 930 duce
645 864 849 930 serenissimo
865 861 1025 928 Austriae
1041 863 1217 930 archiduce
1241 864 1330 932 Mat-

139 969 225 1052 thia,
249 971 464 1056 Imperatoris
487 993 547 1056 per
572 965 576 1058 l
602 971 811 1056 Hungariam
836 977 869 1037 et
892 967 1067 1038 Austriam
1090 973 1220 1054 vicarie,
1244 959 1391 1039 obsi-f01·
1414 961 1479 1016 ¹4⁰¹³

138 1077 244 1144 detur
276 1079 469 1164 fortiterque
492 1081 526 1146 in
549 1103 693 1154 mensem
725 1102 827 1164 usque
860 1079 1001 1146 Junium
1033 1085 1250 1166 oppugnatur,
1274 1081 1332 1146 sed

138 1185 338 1268 adveniente
362 1185 443 1254 Sina
466 1187 572 1256 Bassa
587 1211 661 1258 curn
686 1187 825 1254 Turcico
849 1188 1006 1271 exercitu,
1022 1189 1056 1253 in
1072 1210 1136 1272 quo
1159 1189 1331 1256 dicebatur
1411 1258 1425 1302 9

142 1292 301 1362 habuisse
325 1298 467 1364 ducenta
490 1298 658 1364 hominum
674 1298 785 1380 millia,
809 1297 935 1363 obsidio
953 1301 1004 1362 28.
1020 1295 1118 1362 Junii
1141 1297 1248 1363 soluta
1271 1304 1330 1380 est,
1346 1321 1407 1386 jon.
1427 1291 1470 1378 2¹3,

141 1405 373 1490 exercitusque
396 1409 508 1472 noster
531 1407 575 1472 ad
599 1407 725 1472 tutiora
746 1406 819 1470 loca
841 1403 1008 1471 reductus.
1379 1491 1446 1538 15⁰4

1449 1523 1455 1550 l

254 1517 304 1578 18.
328 1513 380 1579 die
403 1513 488 1580 Maii
520 1513 708 1598 Imperator
739 1519 850 1580 noster
882 1513 1101 1578 Ratisbonam
1124 1513 1166 1578 ad
1198 1513 1331 1578 comitia
1349 1557 1414 1621 Μ..
1437 1564 1477 1610 18,

141 1617 343 1686 celebranda
366 1623 457 1688 yenit
480 1627 513 1688 et
537 1645 557 1688 a
579 1623 790 1708 principibus,
815 1623 871 1706 qui
894 1622 960 1686 iam
984 1641 1021 1686 eo
1046 1627 1272 1705 convenerant,
1295 1623 1330 1688 in
1410 1649 1417 1660 ·

135 1727 195 1792 ria
228 1729 397 1814 excipitur.
439 1729 482 1796 In
513 1729 579 1796 illis
612 1731 752 1796 comitiis
783 1729 1008 1814 imperialibus
1040 1730 1180 1796 maxime
1218 1735 1329 1797 aetum

135 1839 191 1900 est
215 1835 257 1902 de
288 1837 423 1903 ferendo
448 1839 568 1904 auxilio
591 1837 793 1923 Imperatori
815 1838 857 1903 ad
880 1837 1121 1922 reprimendam
1155 1837 1328 1905 Turcicam

136 1943 357 2026 tyrannidem.

248 2049 377 2118 Ultima
400 2053 426 2118 J
428 2053 486 2120 ulii
503 2053 583 2122 Sina
599 2053 704 2119 Bassa
719 2052 746 2118 J
747 2053 899 2118 aurinum
915 2052 949 2118 in
964 2052 1151 2138 Hungaria,
1176 2055 1326 2120 munitis·

135 2159 257 2226 simum
274 2161 361 2226 orbis
377 2160 557 2230 Christiani
573 2167 689 2228 contra
713 2160 839 2228 'Furcas
862 2163 1153 2244 propugnaculum,
1176 2161 1326 2228 maximis

136 2267 324 2352 sumptibus
340 2273 574 2352 constructum,
593 2269 761 2336 obsidione
778 2267 881 2353 cingit
904 2267 1051 2352 illudque
1064 2271 1131 2336 dies
1148 2276 1327 2354 noctesque

136 2397 329 2461 oppugnare
351 2400 418 2444 non
450 2381 566 2460 cessat,
599 2377 702 2443 donec
734 2377 797 2463 ipsi
821 2378 891 2442 eius
914 2398 934 2442 a
957 2375 1167 2444 Ferdinando
1199 2375 1327 2444 Gemite

136 2483 181 2549 ab
205 2483 364 2551 Hardeclr
381 2491 432 2553 29.
449 2487 501 2554 die
516 2485 730 2574 Septembris,
754 2509 838 2572 quae
856 2487 929 2552 divo
946 2486 1102 2552 Michaeli
1126 2487 1324 2570 archangelo

134 2597 187 2658 est
210 2615 313 2678 sacra,
346 2596 486 2664 maximo
519 2599 664 2664 omnium
697 2596 961 2664 Christianorum
995 2594 1106 2660 dolore
1130 2593 1170 2660 fit
1193 2594 1325 2661 deditio.

246 2735 342 2807 Anno
358 2742 491 2808 Domini
506 2738 736 2824 MDXOIIH,
752 2739 787 2806 in
803 2739 885 2805 festo
901 2739 1006 2804 sancti
1030 2733 1222 2802 (lolomanni
1237 2759 1323 2802 mar·
1348 2719 1416 2840 {sz24
1431 2718 1476 2840 1¹}

135 2849 230 2931 tyris,
254 2869 275 2914 a
298 2851 493 2933 reverendis,
526 2850 691 2917 nobilibus
714 2855 749 2916 et
772 2847 960 2915 clarissimis
994 2845 1090 2910 Dom.
1123 2842 1323 2910 Doctoribus

133 2957 280 3041 inclytae
303 2957 445 3025 nationis
469 2959 656 3044 Ungaricae
678 2957 876 3026 constitutus
892 2977 963 3022 sum
986 2976 1046 3038 ego
1069 2953 1324 3019 Balthasar

134 3061 221 3130 Seu
232 3065 268 3132 lt
279 3087 296 3130 e
306 3071 321 3131 t
332 3089 353 3132 u
363 3089 388 3148 s,
412 3072 638 3134 sacrosanctae
654 3063 838 3148 theologiae
854 3063 970 3128 doctor
982 3069 1016 3128 et
1032 3061 1206 3128 canonicus
1222 3059 1324 3129 Vien-

133 3172 257 3253 nensis,
280 3172 468 3257 praedictae
491 3175 635 3240 nationis
658 3177 853 3258 procurator
876 3193 936 3255 pro
959 3171 1144 3236 mutatione
1173 3168 1324 3254 hyemali.

133 3275 210 3361 Quo
233 3279 268 3344 in
292 3280 375 3346 festo
398 3281 497 3348 etiam
513 3281 548 3346 in
564 3278 781 3365 antiquissimi
804 3279 901 3344 huius
923 3277 1178 3362 archigymnasii
1201 3278 1322 3343 Recto·

132 3407 204 3452 rem
228 3387 438 3470 magnificum
468 3389 587 3455 nobilis
611 3395 711 3473 atque
743 3387 943 3454 clarissimus
966 3387 1016 3453 vir
1048 3386 1144 3452 Dom.
1175 3385 1202 3451 J
1203 3405 1323 3450 oannes

131 3493 290 3560 Leander
312 3493 472 3562 Nissenus
504 3494 651 3578 Silesius,
683 3495 864 3562 medicinae
888 3494 1011 3578 doctor,
1035 3492 1164 3579 publice
1199 3493 1318 3578 procla

132 3608 244 3667 matus
269 3609 327 3668 est.

243 3707 278 3774 A
294 3730 365 3774 meo
382 3709 416 3774 in
431 3708 494 3775 hoc
510 3709 616 3777 officio
632 3717 847 3792 antecessore,
864 3709 1042 3776 clarissimo
1057 3707 1153 3774 Dom.
1176 3707 1321 3776 Doctora
1384 3789 1394 3800 .

132 3814 275 3882 Andrea
300 3813 450 3902 Nigrino,
474 3819 586 3904 accepi
605 3823 654 3884 14.
671 3818 789 3884 Martii
811 3819 890 3885 anni
917 3821 1012 3883 1595.
1030 3820 1071 3882 18
1089 3838 1133 3882 cr.
1157 3839 1224 3882 una
1247 3837 1320 3881 cum
1331 3789 1483 3908 mffi’„

131 3924 276 4009 inclytae
298 3925 441 3992 nationis
465 3927 655 4012 Ungaricae
678 3926 863 4008 matricula,
886 3929 1060 4010 praeterea
1083 3923 1174 3990 nihil.

240 4033 299 4100 Me
321 4039 546 4118 procuratore,
569 4043 743 4122 sequentes
766 4036 899 4102 iuvenes
917 4039 952 4100 et
966 4033 1088 4099 artium
1111 4033 1246 4098 studiosi
1271 4031 1321 4098 in-

129 4141 249 4226 scripti
273 4147 367 4208 sunt:

241 4250 422 4316 Balthasar
444 4251 653 4319 Bormannus
675 4252 835 4320 Nissenus
859 4249 1003 4334 Silesius‚
1027 4251 1125 4318 solvit
1148 4257 1167 4318 3
1191 4251 1241 4319 kr.

240 4355 407 4442 Casparus
429 4359 610 4428 Bliimelins
634 4361 797 4428 Nissenus
821 4359 966 4442 Silesiu's,
988 4359 1085 4425 solvit
1109 4365 1128 4424 3
1152 4359 1201 4425 kr.

239 4465 371 4533 Horum
395 4469 530 4536 nomina
553 4492 654 4555 supra
677 4491 808 4556 quoque
831 4469 1043 4535 inveniuntur
1065 4465 1118 4533 fol.
1144 4471 1207 4534 131
1220 4463 1257 4552 ¹).

1375 2033 1453 2094 rear,

1354 2099 1407 2164 jul.
1427 2108 1471 2154 31.

1376 2467 1452 2526 ress,

241 4703 261 4767 ¹)
281 4705 312 4757 L.
332 4701 449 4758 fontebb
468 4721 485 4758 a
505 4711 565 4757 306.
583 4701 603 4758 l.

1335 2535 1420 2602 szept.
1435 2541 1478 2586 29.
1586 2602 1589 2612 .
