3334 5322
1290 445 1352 508 247
1477 463 1480 472 ⁴

168 645 263 704 erant
295 639 420 704 reclusa
453 639 625 705 matricula
656 641 812 718 00010010,
846 661 928 704 nora
962 640 1112 706 videlicet
1139 645 1172 705 et
1197 649 1297 722 vetus,
1322 649 1355 707 et

167 755 315 836 hystoria
339 757 425 838 regis
448 759 554 822 sancti
577 756 737 836 Ladislai,
771 761 804 822 et
828 756 939 822 ladnla
967 759 1074 824 minor
1106 760 1297 844 prescripta,
1320 759 1353 822 in

166 890 233 950 qua
257 867 360 932 bursa
382 867 415 931 in
440 889 473 932 se
489 868 658 932 continens
674 869 696 932 4
715 867 785 932 flor.
809 861 1025 950 Ungaricales
1042 873 1075 932 et
1102 871 1117 930 l
1137 867 1204 932 flor.
1221 868 1353 934 110000-

166 999 234 1041 sem
269 982 351 1042 erat.
384 975 471 1040 Item
503 979 578 1060 post
610 974 672 1039 hoo
704 978 834 1060 percepi
857 977 900 1042 ab
925 977 1036 1042 eodem
1070 982 1130 1042 eto.
1154 981 1176 1041 4
1200 977 1354 1042 0011110100

166 1084 308 1148 maiores
332 1087 366 1147 et
390 1085 432 1147 24
456 1081 599 1148 minores
622 1083 686 1148 illis
711 1089 744 1148 et
768 1089 788 1146 8
812 1105 941 1168 parvas,
974 1105 1037 1167 que
1061 1084 1154 1168 affigi
1178 1085 1293 1168 solent,
1317 1093 1354 1150 ut

165 1213 269 1275 supra
294 1189 459 1271 scribitur,
484 1195 626 1273 quatuor
649 1189 837 1256 maioribus.

276 1299 348 1382 Ego
372 1297 464 1381 Mag.
497 1295 617 1382 Symon
649 1297 827 1363 Kienawer
851 1321 889 1364 ex
914 1298 1063 1382 Legnitz,
1096 1299 1136 1363 de
1160 1300 1310 1366 omnibus
1334 1325 1354 1365 a

163 1431 218 1474 me
242 1408 406 1492 perceptis
430 1407 519 1472 facta
542 1407 683 1487 racione,
716 1405 895 1472 venerabili
930 1408 999 1472 viro
1030 1407 1122 1491 Mag.
1145 1405 1288 1490 Georgia
1313 1409 1353 1472 de

163 1515 292 1582 Sancta
309 1513 418 1596 Anna,
441 1515 652 1598 procuratori
676 1515 788 1580 inclite
805 1515 948 1580 nacionis
968 1515 1165 1600 supradicte,
1182 1514 1352 1582 Sabbatha

163 1633 246 1689 ante
270 1623 427 1706 Tyhurcii
450 1624 598 1706 proximo
622 1622 724 1688 electo
749 1643 833 1688 0000
853 1629 913 1687 etc.
941 1619 1075 1706 14871),
1099 1623 1224 1690 tradidi
1248 1625 1353 1690 eidem

162 1733 297 1798 nomine
313 1731 458 1798 nacionis
483 1731 610 1816 prefate
634 1732 715 1796 duas
731 1731 870 1812 ladulaS,
894 1733 1050 1798 maiorem
1067 1732 1220 1800 videlicet
1244 1739 1277 1798 et
1294 1737 1352 1800 mi-

162 1863 290 1922 norem,
313 1847 346 1905 et
361 1842 396 1906 in
412 1840 529 1906 maiori
552 1841 680 1905 reclusa
703 1840 767 1906 fuit
783 1841 896 1920 minor,
920 1842 953 1906 in
973 1862 1039 1924 qua
1062 1847 1134 1906 erat
1157 1841 1260 1908 bursa
1276 1841 1352 1907 alba

162 1971 239 2014 cum
263 1951 285 2013 4
308 1947 385 2013 flor„
411 1945 666 2031 Ungaricalibus
690 1954 724 2013 et
751 1953 766 2014 l
792 1947 861 2012 flor.
895 1947 1065 2030 RencnsiS,
1098 1949 1119 2010 4
1143 1948 1199 2013 sol.
1223 1947 1294 2013 den.
1318 1953 1352 2012 et

165 2064 209 2123 29
235 2058 308 2123 den.
340 2052 480 2136 Wienn.,
513 2057 592 2122 item
617 2056 699 2122 duas
723 2057 926 2137 matriculae,
950 2077 1068 2122 novam
1092 2057 1219 2122 scilicet
1242 2063 1276 2121 et
1299 2080 1352 2123 ve-

164 2171 280 2246 terem,
314 2171 348 2230 01
370 2165 543 2230 historiam
576 2165 683 2230 sancti
715 2166 802 2248 regis
834 2163 992 2246 Latlislai,
1031 2167 1110 2230 item
1144 2169 1166 2230 4
1199 2165 1352 2232 candelas

164 2275 306 2338 maiores
330 2279 364 2338 et
389 2275 432 2336 24
456 2274 598 2338 minores
621 2273 740 2338 eisdem
757 2279 790 2338 et
810 2278 839 2354 8,
864 2295 926 2356 que
943 2273 1035 2357 alfigi
1052 2273 1157 2339 solent
1173 2273 1352 2339 maioribus

162 2385 186 2445 4
212 2379 411 2466 prescriptis,
434 2381 642 2465 presentibus
665 2381 908 2450 venerabilibus
931 2384 1010 2448 viris
1035 2382 1124 2466 Mag.
1148 2381 1296 2448 Marti'no
1312 2403 1351 2446 ex

163 2487 398 2566 Rackendarff,
415 2510 506 2554 sacre
523 2488 685 2572 theologie
701 2489 883 2572 licenciato,
901 2496 934 2554 et
949 2489 1039 2574 Mag.
1057 2489 1236 2558 Valentino
1252 2489 1351 2556 Pelli-

163 2595 236 2662 ficis
261 2619 301 2662 ex
325 2595 465 2664 Gorona.
488 2595 613 2663 Actum
640 2597 735 2663 1487.

696 2832 776 2892 (1487
796 2834 829 2894 1.)

274 2975 321 3042 Et
344 2999 404 3061 ego
436 2977 535 3060 Mag.
559 2976 753 3060 Georgius
786 2978 830 3042 de
860 2977 1005 3045 Sancta
1028 2977 1145 3042 Anna
1177 2980 1351 3062 percepia

160 3083 254 3168 Mag.
280 3083 421 3173 Syrnonc
455 3107 495 3149 ex
527 3085 668 3168 Legnicz
692 3084 780 3150 bona
812 3087 997 3170 prescripta
1028 3107 1087 3169 per
1121 3086 1227 3169 ipsum
1252 3107 1350 3151 manu

160 3193 308 3278 propria.

273 3300 347 3382 Ego
371 3299 462 3382 Mag.
486 3297 649 3383 Georgius
674 3299 714 3364 de
738 3297 860 3364 Sancta
884 3297 994 3379 Anna,
1018 3305 1214 3385 procurator
1237 3299 1349 3364 inclite

161 3409 312 3474 nacionis
335 3405 511 3490 Hungarie
534 3427 620 3472 anno
636 3405 754 3472 salutis
772 3411 868 3486 1487,
892 3408 925 3471 in
945 3407 997 3471 dic
1022 3405 1171 3491 Syrnonis
1195 3415 1228 3472 et
1252 3407 1351 3484 Jude,

160 3539 204 3583 ex
228 3517 378 3582 omnibns
401 3537 488 3582 ame
511 3515 675 3599 perceptis
698 3515 789 3580 facta
812 3516 952 3596 racione,
976 3515 1155 3580 venerabili
1171 3517 1240 3580 viru
1260 3515 1351 3598 Mag.

158 3625 273 3710 Filipo
288 3625 327 3690 de
344 3625 450 3706 Zund,
466 3625 577 3690 inclite
596 3625 742 3690 nacionis
759 3624 947 3707 supradicte
966 3619 1210 3708 [procuratori],
1226 3623 1349 3688 tradidi

160 3732 270 3799 eidem
285 3734 416 3798 nomine
440 3733 586 3798 nacionis
611 3731 740 3816 pretate
765 3733 847 3798 duae
863 3733 1001 3816 larlulas,
1016 3754 1182 3816 mayorcm
1198 3733 1349 3798 videlicet

159 3848 199 3907 et
214 3841 381 3922 minorem,
404 3843 437 3906 in
453 3841 578 3906 minore
595 3847 672 3905 sunt
687 3843 708 3904 4
724 3839 794 3906 flor.
811 3841 1028 3924 Ungaricales
1044 3846 1078 3906 01
1098 3847 1114 3906 1
1132 3843 1201 3906 ilor.
1217 3841 1349 3906 110000-

158 3951 217 4030 sie,
240 3951 321 4014 item
345 3955 377 4014 et
394 3954 436 4014 28
453 3949 524 4014 den.
548 3948 782 4032 Ungaricales;
806 3949 885 4012 item
909 3949 1207 4027 (10000011100100,
1233 3969 1348 4014 novam

158 4064 198 4124 et
220 4064 374 4138 veterem,
399 4063 432 4122 et
455 4057 628 4122 historiam
652 4057 758 4122 sancti
774 4058 859 4139 regis
874 4057 1031 4138 ladislai,
1055 4059 1172 4123 item4
1195 4057 1349 4123 candelas

157 4187 312 4250 mayores
336 4170 368 4230 et
392 4167 435 4230 24
459 4166 602 4230 minores
627 4171 660 4230 et
684 4169 712 4246 8,
737 4186 801 4248 quo
824 4163 917 4248 alfigi
940 4165 1045 4230 solent
1068 4165 1264 4248 mayoribns,
1295 4187 1348 4229 vo-

156 4273 366 4341 nerabilibus
382 4273 551 4356 magistris
575 4272 666 4356 Mag.
690 4272 840 4338 Martino
857 4267 924 4358 [de]
945 4273 1145 4354 Raccndarf,
1168 4273 1348 4352 licenciat0,

156 4384 254 4468 Mag.
278 4383 459 4452 Valentino
483 4379 524 4446 de
548 4379 680 4448 Corona
703 4379 923 4466 presentibus.
950 4381 1086 4450 Actum.
1101 4385 1195 4446 1487.

271 4635 290 4696 ¹)
311 4635 347 4685 Ea
367 4651 383 4685 a
401 4635 572 4700 percunctor,
596 4647 649 4700 egy
677 4631 820 4695 sajalkezn
841 4632 1030 4702 megjcgyzoso
1059 4629 1161 4685 suerint
1182 4630 1309 4694 (sttntchh
1331 4647 1347 4686 a

156 4713 202 4762 24.
223 4707 319 4778 lapon)
339 4705 411 4777 tpril
434 4703 564 4760 14·dikon
583 4705 771 4760 velasztatott.
