3324 5326
1259 435 1324 500 341
1345 501 1348 506 .

667 629 748 690 (1609
768 629 801 691 Ι.)

245 750 311 820 llio
343 755 461 822 desunt
493 763 568 824 acta
599 759 825 842 procuratoris
858 757 954 825 Dum.
987 759 1095 843 Mag.
1128 757 1153 826 J
1164 761 1322 825 oannis
1342 763 1390 820 fol.
1407 763 1473 820 mab

132 863 312 944 Probat,
345 865 494 931 canonici
525 865 614 950 apud
638 865 747 931 divum
780 864 991 954 Stephanum,
1021 870 1076 952 qui
1102 867 1225 933 electus
1259 868 1323 934 luit

133 971 437 1057 dio..».anno...1)

659 1067 739 1127 (roua
759 1065 807 1128 11.)

249 1185 409 1260 Similiter
435 1197 534 1260 etiam
559 1216 624 1260 nun
649 1199 726 1260 sunt
758 1199 883 1278 scripta
906 1196 970 1262 huc
994 1202 1070 1260 acta
1092 1197 1316 1280 procuratoris
1337 1201 1386 1256 fol.
1402 1209 1469 1255 150·

131 1299 241 1365 Dum.
259 1299 443 1368 Ductoris
460 1301 503 1368 N.
518 1301 718 1385 Panisoth‚
743 1305 800 1386 qui
817 1303 938 1370 electus
963 1302 1027 1368 fuit
1043 1305 1282 1370 die...anno...
1296 1301 1322 1385 1)

677 1477 759 1548 (reru
778 1482 812 1544 Ι.)
866 1524 869 1532 .

245 1605 340 1673 Anno
364 1607 497 1675 Domini
525 1613 689 1689 1610,14.
713 1608 850 1693 Aprilis,
867 1609 1002 1676 infesto
1027 1609 1170 1676 Tiburtii
1195 1617 1229 1676 et
1252 1611 1472 1680 Va-lol.1oub

129 1717 262 1798 lariani,
286 1739 345 1801 ego
371 1715 566 1799 Georgius
599 1716 853 1797 Suhubertus,
882 1719 967 1804 juris
992 1719 1164 1801 utriusque
1198 1719 1320 1802 ductor,
1344 1699 1403 1830 412⁶
1409 1697 1466 1815 Ἤ.

131 1827 261 1892 electus
285 1825 332 1890 fui
345 1827 379 1890 in
396 1825 580 1908 Ungaricae
596 1827 740 1892 nationis
763 1833 1010 1911 procuratorem
1029 1833 1062 1891 et
1079 1849 1098 1892 a
1114 1847 1322 1911 praecessore

131 1955 210 1998 meo
245 1934 328 1998 nihil
362 1935 474 2018 accepi
507 1935 569 2000 nisi
601 1934 723 2000 librum
746 1936 840 2000 hunc.
866 1935 991 1998 Eodem
1025 1934 1077 1998 dis
1101 1956 1160 2017 ego
1194 1941 1227 2000 et
1251 1935 1326 2001 reli-

132 2063 278 2126 quarum
312 2044 483 2106 nationum
515 2047 744 2126 procuratores
783 2043 939 2125 elegimus
972 2041 1187 2108 clarissimum
1229 2043 1325 2108 Dum.

132 2150 320 2216 Ductorem
345 2147 482 2216 Suhwab
507 2151 539 2214 in
564 2150 740 2216 Rectorem
764 2156 896 2216 nostrae
919 2151 1154 2216 universitatis.

245 2257 382 2324 Nationi
406 2260 537 2323 numina
561 2258 739 2324 dederunt:

180 2355 183 2360 ¹
245 2363 425 2432 Balthasar
442 2367 613 2433 Pastorius
630 2361 926 2432 Ottmachuviensis
943 2365 1086 2448 Silenus,
1101 2366 1325 2452 philosophiae

133 2481 169 2540 et
193 2475 375 2541 medicinae
400 2475 523 2554 doctor,
548 2473 638 2539 dedit
662 2475 804 2540 medium
827 2472 996 2540 florenum.

246 2583 395 2648 Mathias
419 2582 629 2649 Hortulanus
653 2581 798 2663 Silesius,
822 2581 913 2646 dedit
936 2581 1027 2646 nihil.

244 2691 456 2758 Reverendus
473 2691 577 2756 Pater
593 2691 741 2775 Mathias
765 2690 934 2756 Antonius
950 2691 1080 2775 Latzky
1104 2689 1247 2773 Silssius‚
1272 2715 1322 2758 ar-

131 2802 219 2866 tium
245 2821 284 2865 ao
306 2800 531 2885 philosophiae
555 2799 721 2884 magister,
746 2799 838 2864 dedit
862 2821 993 2883 quoque
1016 2799 1107 2865 nihil.

246 2907 309 2974 Die
335 2913 386 2973 27.
410 2907 505 2972 Junii
531 2907 764 2972 celebravimus
788 2906 907 2972 festum
924 2908 990 2972 divi
1009 2907 1167 2990 Ladislai,
1191 2911 1322 2992 patruni
1372 2905 1449 2966 ¹⁶¹⁰v

131 3021 269 3082 nostrae
292 3015 444 3097 nationis,
462 3021 494 3080 et
510 3013 544 3079 in
559 3013 690 3079 laudem
706 3014 793 3080 illius
816 3015 934 3080 habuit
951 3017 1131 3080 orationem
1156 3015 1322 3102 Casparus
1339 2969 1401 3034 Μ’
1425 2977 1466 3024 27'

132 3121 313 3189 Scholbius
337 3123 481 3190 Silesius.
505 3121 572 3186 Pro
597 3122 680 3187 festo
705 3123 889 3206 expositum
915 3129 982 3188 cst:
1015 3121 1128 3188 Primo
1153 3145 1213 3208 pru
1246 3145 1323 3208 qua·

129 3239 212 3296 tuor
244 3231 405 3296 mensuris
437 3231 504 3296 vini
528 3229 630 3294 dulcis
655 3235 674 3293 2
700 3229 732 3293 fl.
755 3230 799 3294 40
823 3229 881 3311 lin,
905 3251 964 3314 pru
989 3251 1121 3295 saccaro
1154 3231 1321 3298 elaboratu

133 3341 151 3402 1
179 3337 212 3402 fl.
239 3343 280 3404 12
304 3337 362 3420 kn,
385 3338 480 3422 panis
512 3360 585 3402 cum
610 3337 678 3401 uvis
713 3343 825 3403 coctus
858 3360 917 3422 pru
943 3343 984 3402 18
1008 3337 1066 3420 ku,
1091 3341 1186 3424 panis
1219 3341 1322 3406 melli-

129 3445 255 3511 ficatus
278 3467 339 3531 pru
366 3451 407 3511 10
423 3445 481 3527 ka,
505 3448 599 3528 panis
623 3446 788 3511 biscoctus
804 3468 864 3530 pro
890 3445 1013 3526 241π.,
1038 3449 1236 3532 marcipanis
1263 3470 1322 3531 pru

130 3559 177 3618 22
204 3551 261 3633 lun,
296 3557 421 3620 cantori
454 3555 541 3638 apud
575 3553 685 3618 divum
719 3549 923 3636 Stephanum
957 3553 1105 3634 telarum,
1138 3554 1223 3620 idest
1248 3559 1264 3618 1
1291 3554 1323 3618 fl.

133 3665 181 3726 24
208 3661 266 3742 lun,
292 3663 481 3744 organistae
505 3663 655 3740 talorum,
688 3661 774 3726 idest
800 3667 815 3726 1
842 3661 874 3726 fl.
899 3665 941 3726 24
965 3661 1022 3742 ku,
1046 3659 1172 3744 pedello
1197 3663 1323 3726 univer·
1416 3653 1419 3661 ’

128 3769 246 3834 sitatis
270 3773 314 3834 24
338 3769 395 3851 lna,
419 3770 553 3835 aedituo
577 3791 637 3853 pru
661 3769 823 3834 locatione
847 3767 1025 3834 cathedrae
1051 3773 1090 3833 15
1116 3769 1164 3834 kr.
1189 3767 1324 3835 Summa

129 3878 361 3962 expositorum
386 3883 406 3942 8
430 3871 461 3943 fl.
487 3880 528 3942 33
553 3875 601 3941 kr.

243 3988 300 4056 Ad
323 3989 383 4053 hos
407 3993 556 4072 sumptus
577 3989 683 4052 fautus
706 3987 887 4052 contribuit
910 3985 1109 4052 reverendus
1126 3991 1160 4051 et
1177 3987 1321 4053 clarissi-

127 4121 209 4164 mus
226 4097 321 4162 Dom.
336 4095 463 4161 Ductor
481 4095 631 4160 Adamus
647 4095 762 4176 Bernt‚
779 4096 921 4160 decanus
938 4096 972 4159 in
988 4093 1198 4176 Misselbaoh,
1216 4100 1257 4158 30
1273 4093 1323 4159 lrr.

244 4204 332 4269 Item
364 4203 562 4269 reverendus
595 4207 628 4268 et
660 4203 858 4269 clarissimus
890 4201 988 4268 Dum.
1020 4201 1145 4266 Ductor
1178 4199 1322 4266 Michael

127 4310 295 4379 Hoffman
319 4311 362 4377 30
386 4311 433 4378 kr.

244 4419 339 4484 Dum.
363 4419 490 4485 Ductor
514 4415 742 4502 Sigismundus
767 4415 899 4484 Gaisler
924 4422 963 4482 31
990 4413 1040 4482 lrr.

243 4525 332 4591 Item
356 4529 451 4593 Dom.
475 4526 602 4592 Ductor
624 4527 759 4592 Bittner
785 4531 802 4591 1
828 4525 858 4590 fl.

130 4651 354 4660 —...—-..-.--—-..

246 4690 266 4748 ¹)
283 4691 351 4755 Igyl
372 4689 396 4738 Δ
416 4685 515 4738 datum
533 4685 673 4754 hidnyzilr.
693 4689 733 4738 Az
753 4683 828 4738 oldal
848 4683 927 4738 tuabi
946 4686 1021 4736 rusze
1039 4687 1110 4736 lires.
