3334 5322
1202 404 1205 415 ’
1243 413 1306 476 225

121 604 283 679 rabilibus
306 605 383 672 viris
407 605 580 690 Magistris
603 605 742 672 Andrea
766 607 805 674 (16
831 601 950 673 Sancto
975 603 1128 690 Georgio,
1153 609 1309 674 canonico

120 714 255 780 ecclesis
270 713 297 780 J
298 715 467 797 auriensis,
490 720 524 780 et
547 715 648 780 Petro
665 715 706 780 de
723 715 914 782 Deuecheer
922 711 947 798 ¹)
971 713 1015 780 ad
1038 715 1099 780 hoc
1122 716 1310 799 specialiter

120 823 253 890 vocatis.

653 914 735 976 (646(
753 913 787 974 1.)

228 1017 300 1106 Ego
317 1020 414 1106 Mag.
430 1020 629 1088 Martinus
652 1019 831 1088 Prunntr
846 1021 888 1088 (16
911 1021 1171 1104 Raelrndarff,
1188 1023 1309 1097 electus

120 1135 317 1213 procurator
332 1129 443 1195 inclite
466 1131 612 1196 nacionis
636 1130 811 1215 Huugarie
827 1132 863 1196 in
879 1131 932 1196 die
954 1137 1144 1197 sanctorum
1161 1131 1308 1197 Tiburcii
1337 1116 1444 1236 ,Ῑζθῇ

120 1245 152 1302 61
175 1238 352 1306 Valeriani
382 1239 557 1306 martirum
591 1259 678 1306 anno
701 1238 836 1305 Domini
862 1243 957 1324 1464,
981 1239 1088 1306 fateor
1111 1261 1162 1306 me
1195 1261 1308 1328 supra·
1355 1199 1396 1250 p.
1447 1222 1453 1235 ⁸

119 1347 245 1431 scripta
278 1347 496 1414 effectualiter
527 1349 721 1430 percepisse,
744 1347 877 1412 florenis
900 1349 978 1414 visis
1010 1368 1077 1412 non
1101 1353 1211 1414 tamen
1234 1368 1308 1434 pro-

119 1461 199 1521 tunc
222 1455 423 1540 ponderatis,
440 1477 570 1540 unaque
586 1456 724 1522 candela
740 1455 781 1522 (16
801 1456 981 1523 minoribus
1004 1455 1113 1521 166016
1137 1456 1308 1536 existente,

120 1585 231 1628 coram
255 1563 495 1630 venerabilibus
518 1565 605 1646 viris,
629 1563 750 1648 quibus
783 1585 894 1648 supra,
917 1587 938 1630 a
960 1564 1091 1649 prefato
1115 1565 1184 1629 viro
1217 1563 1308 1646 Mag.

121 1670 248 1737 'l'homa
264 1671 304 1736 (16
321 1671 487 1753 deenoz,
504 1693 589 1738 anno
606 1693 671 1756 quo
688 1694 787 1757 supra
804 1679 837 1738 et
852 1673 905 1738 (116
929 1673 1035 1738 666011
1054 1672 1231 1754 Pangracii
1247 1676 1310 1736 etc.

227 1781 391 1863 Exposita
413 1801 473 1864 pro
498 1780 621 1846 honore
644 1785 678 1846 et
702 1781 901 1848 comoditate
925 1781 1087 1846 nacionis:
1110 1779 1199 1846 Item
1218 1779 1308 1863 Mag.

1358 1657 1435 1715 ((64,

1328 1723 1395 1788 rutj.
1412 1729 1453 1775 12.

1358 1872 1436 1931 1464,

118 1891 241 1956 Petrus
257 1889 298 1954 de
312 1888 481 1954 Deueczer
497 1889 577 1954 fecit
593 1910 775 1956 sermonem
795 1891 827 1954 in
844 1889 896 1954 die
912 1889 1017 1954 sancti
1040 1887 1127 1971 regis
1150 1887 1305 1970 Ladislai,
1335 1938 1395 2003 jin.
1411 1946 1453 1992 2,,

118 1999 175 2080 qui
199 1998 241 2064 ob
264 1997 420 2062 honorem
445 1996 591 2062 eiusdem
610 2001 644 2062 et
662 1998 832 2063 comodum
856 1997 1003 2062 nacionis
1027 1997 1066 2062 de
1089 1996 1200 2062 media
1222 1995 1308 2062 libra

118 2107 294 2172 dumtaxat
318 2108 443 2190 recepit
467 2111 509 2172 60
535 2105 621 2186 (166.;
644 2107 723 2172 item
748 2107 910 2172 fratribus
934 2103 1204 2171 Predicatoribus
1227 2111 1306 2170 tem·

119 2235 199 2297 pore
232 2211 467 2280 celebracionis
504 2213 626 2298 prefati
667 2216 774 2280 sancti
806 2217 893 2298 regis
927 2213 1077 2280 Ladislai
1117 2212 1307 2278 festivitatis

123 2317 455 2403 11,111)6.(166.(16(11;
478 2322 557 2388 item
581 2322 719 2388 bedellis
743 2321 870 2388 duobus
894 2327 933 2388 16
958 2321 1040 2404 den,
1061 2322 1139 2406 quia
1162 2321 1220 2386 alii
1244 2319 1307 2386 duo

117 2429 253 2494 luerunt
276 2429 357 2494 alias
380 2432 550 2514 occupati3
572 2432 653 2496 item
676 2451 736 2516 pro
760 2431 876 2514 vigiliis
901 2435 934 2494 et
957 2430 1056 2494 missa
1079 2427 1307 2495 defunctorum

118 2537 329 2619 generalibus
362 2539 508 2604 nacionis
541 2540 677 2622 exposui
709 2539 869 2604 iratribus
897 2537 1167 2606 Predicatoribua
1190 2535 1307 2601 decan-

119 2645 271 2711 tantibus
295 2645 426 2712 easdem
449 2649 471 2712 4
495 2647 552 2712 sol.
576 2645 648 2712 den.
683 2644 819 2712 Summa
845 2652 886 2712 10
910 2646 966 2712 601.
993 2650 1032 2710 16
1058 2645 1131 2711 den.

227 2755 300 2838 Ego
333 2751 423 2838 Mag.
447 2753 615 2820 Martinus
638 2751 794 2820 Prunnar
818 2753 858 2819 de
881 2751 1093 2832 Raclrndarff,
1118 2753 1239 2818 electus
1272 2750 1306 2815 in

119 2869 368 2947 procuratorem
400 2861 549 2928 nacionis
567 2862 693 2950 inclite
725 2862 910 2946 Hungarie,
934 2868 973 2928 61
1006 2883 1116 2946 supra,
1146 2857 1319 2926 tradendo,

119 2971 209 3036 bona
241 2969 387 3034 nacionis
420 2969 601 3034 venerabili
633 2972 703 3036 viro
735 2969 826 3053 Mag.
851 2965 1012 3052 Thomas)
1036 2965 1242 3050 Altnbcrghr
1267 2965 1306 3030 (16

117 3079 258 3160 Oibinio,
291 3077 479 3143 baccalario
504 3077 719 3160 decretorum,
743 3079 949 3162 procuratori
982 3077 1128 3142 nacionis
1151 3074 1305 3142 eiusdem,

117 3187 279 3253 61661016
303 3186 387 3252 16610
416 3189 526 3263 666611
549 3186 743 3254 Colomanni
770 3187 914 3252 martiris
938 3206 1024 3252 anno
1049 3184 1182 3250 Domini
1210 3187 1305 3264 1464,

119 3295 199 3360 dedi
219 3295 324 3360 eidem
347 3293 481 3360 bursam
498 3316 572 3359 curn
595 3295 724 3361 sacculo
748 3293 842 3375 lineo,
860 3298 878 3359 3
896 3293 963 3359 flor.
981 3291 1222 3376 Hungaricalcs
1239 3292 1306 3357 veri

117 3413 150 3468 61
170 3404 254 3496 iusti
278 3403 437 3486 ponderis,
459 3406 501 3468 83
526 3403 608 3486 deu,
631 3403 778 3469 ladulam
802 3425 876 3468 oum
900 3402 1030 3468 duabus
1054 3403 1145 3483 seris,
1161 3401 1307 3484 quinque

117 3512 234 3592 claves,
258 3533 403 3596 pannum
427 3511 619 3594 funeralem,
639 3512 721 3578 duas
746 3511 945 3594 matricolas
969 3533 1086 3577 novam
1107 3517 1139 3576 et
1155 3515 1305 3596 veterem,

115 3617 301 3704 hystoriam
325 3621 431 3686 sancti
454 3621 541 3704 regis
564 3619 723 3702 Ladislai,
749 3625 790 3686 25
815 3619 969 3686 candelas
993 3621 1134 3684 minores
1153 3621 1222 3683 614
1239 3639 1306 3682 rna-

115 3727 209 3810 iores,
234 3724 443 3811 presentibus
466 3725 587 3790 ibidem
611 3725 859 3791 honorabilibus
875 3726 953 3790 viris
971 3731 1003 3790 et
1018 3725 1185 3808 magistris
1202 3723 1304 3788 Petro

117 3831 257 3900 Gtrfart
273 3833 312 3898 de
330 3830 460 3897 Ooroua
484 3839 517 3898 61
541 3833 644 3898 Ρ6160
660 3831 772 3898 'lorck
790 3833 830 3897 de
847 3832 987 3915 Corona,
1011 3853 1096 3898 anno
1113 3854 1177 3916 quo
1196 3853 1305 3916 supra,

115 3941 166 4006 dic
183 3963 261 4008 rere
278 3940 373 4006 Jovis
396 3939 591 4025 precedente
611 3941 730 4008 festum
754 3939 896 4007 Simonis
912 3947 944 4008 61
960 3940 986 4006 J
987 3941 1049 4006 ude
1073 3941 1305 4025 apostolorum.

1353 3171 1431 3232 ((64,

1335 3236 1392 3290 okt.
1409 3246 1449 3290 13.

1355 3929 1430 3988 ((64,

1332 3993 1391 4048 okt.
1406 3999 1447 4046 25.

640 4104 722 4166 (646(
739 4103 787 4165 11.)

225 4205 298 4295 Ego
329 4211 428 4296 Mag.
453 4213 617 4280 Thomas
640 4213 934 4296 Altennbcrger
958 4213 1002 4278 de
1025 4211 1189 4296 (libinio,
1217 4213 1303 4278 sacri
1322 4225 1370 4281 fol.
1387 4226 1452 4281 rorb

111 4318 198 4400 juris
233 4321 383 4386 canonici
415 4321 629 4403 hamularius,
652 4323 774 4388 electus
807 4329 1000 4407 procurator
1024 4321 1134 4386 inclite
1157 4321 1303 4387 nacionis

224 4517 245 4578 ¹)
267 4513 483 4572 Deacchccr-bol
500 4517 619 4582 javttva.

226 4591 246 4650 ⁸)
267 4585 357 4642 ulobb
377 4605 392 4642 6
409 4587 502 4656 helytt
522 4585 674 4642 Thamaris
694 4587 803 4642 Cibioio
822 4588 913 4654 611011,
934 4606 951 4642 a
968 4585 1007 4640 mi
1028 4587 1152 4642 azonban
1171 4588 1302 4655 pentonia

114 4657 185 4714 11161
205 4657 289 4714 166661
309 4661 419 4716 torano
438 4660 493 4714 166.

168 4785 307 4828 Schraut:
323 4785 389 4828 111661
404 4789 477 4840 anyer.
490 4795 564 4839 augy.
579 4797 651 4830 66666.
666 4786 825 4838 anyahtnyvc.
1164 4774 1193 4820 lt
