<?xml version="1.0" encoding="UTF-8"?>
<!DOCTYPE html PUBLIC "-//W3C//DTD XHTML 1.0 Transitional//EN"
    "http://www.w3.org/TR/xhtml1/DTD/xhtml1-transitional.dtd">
<html xmlns="http://www.w3.org/1999/xhtml" xml:lang="en" lang="en">
 <head>
  <title>
</title>
<meta http-equiv="Content-Type" content="text/html;charset=utf-8" />
  <meta name='ocr-system' content='tesseract 3.04.00' />
  <meta name='ocr-capabilities' content='ocr_page ocr_carea ocr_par ocr_line ocrx_word'/>
</head>
<body>
  <div class='ocr_page' id='page_1' title='image "./abcsiegyetemmag00akadgoog/abcsiegyetemmag00akadgoog_0126.png"; bbox 0 0 3296 5328; ppageno 0'>
   <div class='ocr_carea' id='block_1_1' title="bbox 1275 408 1314 470">
    <p class='ocr_par' dir='ltr' id='par_1_1' title="bbox 1275 408 1314 470">
     <span class='ocr_line' id='line_1_1' title="bbox 1275 408 1314 470; baseline -0.051 0"><span class='ocrx_word' id='word_1_1' title='bbox 1275 408 1314 470; x_wconf 88' lang='lat'>15</span> 
     </span>
    </p>
   </div>
   <div class='ocr_carea' id='block_1_2' title="bbox 125 605 1466 1241">
    <p class='ocr_par' dir='ltr' id='par_1_2' title="bbox 125 605 1466 914">
     <span class='ocr_line' id='line_1_2' title="bbox 125 605 1315 695; baseline -0.008 -17"><span class='ocrx_word' id='word_1_2' title='bbox 125 611 184 678; x_wconf 75' lang='lat' dir='ltr'>Sic</span> <span class='ocrx_word' id='word_1_3' title='bbox 199 615 223 694; x_wconf 83' lang='lat'>¹)</span> <span class='ocrx_word' id='word_1_4' title='bbox 257 635 330 680; x_wconf 85' lang='lat' dir='ltr'>curn</span> <span class='ocrx_word' id='word_1_5' title='bbox 362 611 494 678; x_wconf 78' lang='lat' dir='ltr'>scolaris</span> <span class='ocrx_word' id='word_1_6' title='bbox 529 615 735 695; x_wconf 87' lang='lat' dir='ltr'>promovetur</span> <span class='ocrx_word' id='word_1_7' title='bbox 759 607 792 674; x_wconf 94' lang='lat' dir='ltr'>in</span> <span class='ocrx_word' id='word_1_8' title='bbox 817 605 1043 688; x_wconf 72' lang='lat' dir='ltr'>incendiarium,</span> <span class='ocrx_word' id='word_1_9' title='bbox 1077 627 1136 690; x_wconf 89' lang='lat' dir='ltr'>pro</span> <span class='ocrx_word' id='word_1_10' title='bbox 1161 627 1244 670; x_wconf 84' lang='lat' dir='ltr'>nova</span> <span class='ocrx_word' id='word_1_11' title='bbox 1267 605 1315 669; x_wconf 92' lang='lat' dir='ltr'>in-</span> 
     </span>
     <span class='ocr_line' id='line_1_3' title="bbox 127 711 1466 802; baseline -0.012 -14"><span class='ocrx_word' id='word_1_12' title='bbox 127 725 318 790; x_wconf 76' lang='lat' dir='ltr'>titulatione</span> <span class='ocrx_word' id='word_1_13' title='bbox 343 725 461 788; x_wconf 83' lang='lat' dir='ltr'>itorum</span> <span class='ocrx_word' id='word_1_14' title='bbox 487 721 636 786; x_wconf 86' lang='lat' dir='ltr'>udminus</span> <span class='ocrx_word' id='word_1_15' title='bbox 653 741 752 785; x_wconf 91' lang='lat' dir='ltr'>unum</span> <span class='ocrx_word' id='word_1_16' title='bbox 770 715 975 802; x_wconf 75' lang='lat' dir='ltr'>grossnm²);</span> <span class='ocrx_word' id='word_1_17' title='bbox 998 720 1044 782; x_wconf 82' lang='lat' dir='ltr'>sic</span> <span class='ocrx_word' id='word_1_18' title='bbox 1068 717 1195 782; x_wconf 80' lang='lat' dir='ltr'>rismum</span> <span class='ocrx_word' id='word_1_19' title='bbox 1214 711 1218 794; x_wconf 94' lang='grc' dir='ltr'>Ι</span> <span class='ocrx_word' id='word_1_20' title='bbox 1243 737 1315 778; x_wconf 80' lang='lat' dir='ltr'>utrm</span> <span class='ocrx_word' id='word_1_21' title='bbox 1348 719 1396 773; x_wconf 81' lang='lat' dir='ltr'>fol.</span> <span class='ocrx_word' id='word_1_22' title='bbox 1420 719 1466 772; x_wconf 78' lang='lat' dir='ltr'>rvb</span> 
     </span>
     <span class='ocr_line' id='line_1_4' title="bbox 125 825 1316 914; baseline -0.008 -18"><span class='ocrx_word' id='word_1_23' title='bbox 125 833 335 898; x_wconf 85' lang='lat' dir='ltr'>baccalarius</span> <span class='ocrx_word' id='word_1_24' title='bbox 354 835 563 914; x_wconf 89' lang='lat' dir='ltr'>promovetur</span> <span class='ocrx_word' id='word_1_25' title='bbox 586 831 620 894; x_wconf 91' lang='lat' dir='ltr'>iu</span> <span class='ocrx_word' id='word_1_26' title='bbox 645 831 839 912; x_wconf 85' lang='lat' dir='ltr'>magistrum</span> <span class='ocrx_word' id='word_1_27' title='bbox 863 828 912 892; x_wconf 84' lang='lat' dir='ltr'>vel</span> <span class='ocrx_word' id='word_1_28' title='bbox 936 828 1112 901; x_wconf 88' lang='lat' dir='ltr'>doctorem,</span> <span class='ocrx_word' id='word_1_29' title='bbox 1132 825 1211 889; x_wconf 72' lang='lat' dir='ltr'>deire</span> <span class='ocrx_word' id='word_1_30' title='bbox 1229 829 1316 890; x_wconf 83' lang='lat' dir='ltr'>teue-</span> 
     </span>
    </p>

    <p class='ocr_par' dir='ltr' id='par_1_3' title="bbox 125 936 1318 1241">
     <span class='ocr_line' id='line_1_5' title="bbox 125 936 1317 1024; baseline -0.003 -20"><span class='ocrx_word' id='word_1_31' title='bbox 125 947 185 1006; x_wconf 91' lang='lat' dir='ltr'>tur</span> <span class='ocrx_word' id='word_1_32' title='bbox 209 943 292 1007; x_wconf 88' lang='lat' dir='ltr'>duos</span> <span class='ocrx_word' id='word_1_33' title='bbox 316 937 491 1024; x_wconf 78' lang='lat' dir='ltr'>grossos³),</span> <span class='ocrx_word' id='word_1_34' title='bbox 524 960 605 1023; x_wconf 90' lang='lat' dir='ltr'>quos</span> <span class='ocrx_word' id='word_1_35' title='bbox 629 961 692 1002; x_wconf 91' lang='lat' dir='ltr'>non</span> <span class='ocrx_word' id='word_1_36' title='bbox 717 940 750 1002; x_wconf 90' lang='lat' dir='ltr'>in</span> <span class='ocrx_word' id='word_1_37' title='bbox 774 937 873 1002; x_wconf 89' lang='lat' dir='ltr'>alium</span> <span class='ocrx_word' id='word_1_38' title='bbox 897 937 959 1000; x_wconf 89' lang='lat' dir='ltr'>nisi</span> <span class='ocrx_word' id='word_1_39' title='bbox 984 936 1194 1018; x_wconf 81' lang='lat' dir='ltr'>exequiarum</span> <span class='ocrx_word' id='word_1_40' title='bbox 1223 955 1317 1001; x_wconf 87' lang='lat' dir='ltr'>usum</span> 
     </span>
     <span class='ocr_line' id='line_1_6' title="bbox 126 1040 1318 1134; baseline -0.01 -20"><span class='ocrx_word' id='word_1_41' title='bbox 126 1051 311 1134; x_wconf 79' lang='lat' dir='ltr'>suppositis</span> <span class='ocrx_word' id='word_1_42' title='bbox 344 1050 429 1114; x_wconf 87' lang='lat' dir='ltr'>dicte</span> <span class='ocrx_word' id='word_1_43' title='bbox 462 1048 605 1117; x_wconf 89' lang='lat' dir='ltr'>nationis</span> <span class='ocrx_word' id='word_1_44' title='bbox 629 1068 667 1112; x_wconf 75' lang='lat' dir='ltr'>at:</span> <span class='ocrx_word' id='word_1_45' title='bbox 692 1045 908 1110; x_wconf 75' lang='lat' dir='ltr'>festivitatum</span> <span class='ocrx_word' id='word_1_46' title='bbox 933 1049 967 1108; x_wconf 84' lang='lat' dir='ltr'>et</span> <span class='ocrx_word' id='word_1_47' title='bbox 990 1040 1255 1120; x_wconf 81' lang='lat' dir='ltr'>cerimoniatium,</span> <span class='ocrx_word' id='word_1_48' title='bbox 1280 1045 1318 1104; x_wconf 88' lang='lat' dir='ltr'>ut</span> 
     </span>
     <span class='ocr_line' id='line_1_7' title="bbox 126 1149 1153 1241; baseline -0.009 -19"><span class='ocrx_word' id='word_1_49' title='bbox 126 1159 346 1241; x_wconf 83' lang='lat' dir='ltr'>premittitur,</span> <span class='ocrx_word' id='word_1_50' title='bbox 370 1156 638 1224; x_wconf 85' lang='lat' dir='ltr'>celebrandarum</span> <span class='ocrx_word' id='word_1_51' title='bbox 662 1154 887 1237; x_wconf 80' lang='lat' dir='ltr'>deputavimus</span> <span class='ocrx_word' id='word_1_52' title='bbox 910 1149 1153 1218; x_wconf 82' lang='lat' dir='ltr'>convertendos.</span> 
     </span>
    </p>
   </div>
   <div class='ocr_carea' id='block_1_3' title="bbox 352 1401 1099 1494">
    <p class='ocr_par' dir='ltr' id='par_1_4' title="bbox 352 1401 1099 1494">
     <span class='ocr_line' id='line_1_8' title="bbox 352 1401 1099 1494; baseline -0.007 -20"><span class='ocrx_word' id='word_1_53' title='bbox 352 1417 380 1474; x_wconf 84' lang='lat'>9.</span> <span class='ocrx_word' id='word_1_54' title='bbox 404 1408 569 1494; x_wconf 81' lang='lat' dir='ltr'>Quando</span> <span class='ocrx_word' id='word_1_55' title='bbox 594 1409 683 1490; x_wconf 86' lang='lat' dir='ltr'>quis</span> <span class='ocrx_word' id='word_1_56' title='bbox 707 1405 822 1472; x_wconf 88' lang='lat' dir='ltr'>debet</span> <span class='ocrx_word' id='word_1_57' title='bbox 846 1401 1099 1492; x_wconf 84' lang='lat' dir='ltr'>intitulari⁴).</span> 
     </span>
    </p>
   </div>
   <div class='ocr_carea' id='block_1_4' title="bbox 128 1586 1320 2104">
    <p class='ocr_par' dir='ltr' id='par_1_5' title="bbox 128 1586 1320 2104">
     <span class='ocr_line' id='line_1_9' title="bbox 241 1586 1318 1677; baseline -0.004 -21"><span class='ocrx_word' id='word_1_58' title='bbox 241 1587 345 1677; x_wconf 74' lang='lat' dir='ltr'>Quam</span> <span class='ocrx_word' id='word_1_59' title='bbox 369 1592 510 1674; x_wconf 90' lang='lat' dir='ltr'>primum</span> <span class='ocrx_word' id='word_1_60' title='bbox 534 1589 761 1674; x_wconf 88' lang='lat' dir='ltr'>quodcumque</span> <span class='ocrx_word' id='word_1_61' title='bbox 778 1588 919 1652; x_wconf 85' lang='lat' dir='ltr'>nationis</span> <span class='ocrx_word' id='word_1_62' title='bbox 935 1586 1138 1670; x_wconf 84' lang='lat' dir='ltr'>suppositum</span> <span class='ocrx_word' id='word_1_63' title='bbox 1157 1594 1318 1654; x_wconf 85' lang='lat' dir='ltr'>erectore</span> 
     </span>
     <span class='ocr_line' id='line_1_10' title="bbox 129 1695 1320 1778; baseline -0.003 -14"><span class='ocrx_word' id='word_1_64' title='bbox 129 1700 357 1764; x_wconf 87' lang='lat' dir='ltr'>universitatis</span> <span class='ocrx_word' id='word_1_65' title='bbox 381 1697 553 1764; x_wconf 82' lang='lat' dir='ltr'>mat-rieule</span> <span class='ocrx_word' id='word_1_66' title='bbox 577 1698 718 1762; x_wconf 87' lang='lat' dir='ltr'>eiusdem</span> <span class='ocrx_word' id='word_1_67' title='bbox 742 1695 935 1778; x_wconf 83' lang='lat' dir='ltr'>intitulatur,</span> <span class='ocrx_word' id='word_1_68' title='bbox 961 1717 1033 1760; x_wconf 83' lang='lat' dir='ltr'>mox</span> <span class='ocrx_word' id='word_1_69' title='bbox 1059 1701 1134 1760; x_wconf 89' lang='lat' dir='ltr'>eta</span> <span class='ocrx_word' id='word_1_70' title='bbox 1165 1717 1320 1778; x_wconf 89' lang='lat' dir='ltr'>procura-</span> 
     </span>
     <span class='ocr_line' id='line_1_11' title="bbox 128 1804 1320 1890; baseline -0.003 -19"><span class='ocrx_word' id='word_1_71' title='bbox 128 1815 204 1872; x_wconf 86' lang='lat' dir='ltr'>tore</span> <span class='ocrx_word' id='word_1_72' title='bbox 228 1807 373 1872; x_wconf 86' lang='lat' dir='ltr'>nationis</span> <span class='ocrx_word' id='word_1_73' title='bbox 397 1804 593 1886; x_wconf 86' lang='lat' dir='ltr'>intituletur,</span> <span class='ocrx_word' id='word_1_74' title='bbox 617 1812 738 1890; x_wconf 86' lang='lat' dir='ltr'>pagata</span> <span class='ocrx_word' id='word_1_75' title='bbox 761 1809 870 1870; x_wconf 87' lang='lat' dir='ltr'>tamen</span> <span class='ocrx_word' id='word_1_76' title='bbox 894 1811 974 1868; x_wconf 86' lang='lat' dir='ltr'>taxa</span> <span class='ocrx_word' id='word_1_77' title='bbox 998 1805 1147 1887; x_wconf 88' lang='lat' dir='ltr'>superius</span> <span class='ocrx_word' id='word_1_78' title='bbox 1171 1805 1236 1868; x_wconf 87' lang='lat' dir='ltr'>ium</span> <span class='ocrx_word' id='word_1_79' title='bbox 1264 1804 1320 1881; x_wconf 85' lang='lat' dir='ltr'>dc-</span> 
     </span>
     <span class='ocr_line' id='line_1_12' title="bbox 128 1909 1318 2000; baseline -0.003 -21"><span class='ocrx_word' id='word_1_80' title='bbox 128 1917 267 2000; x_wconf 78' lang='lat' dir='ltr'>scripta,</span> <span class='ocrx_word' id='word_1_81' title='bbox 300 1913 445 1978; x_wconf 87' lang='lat' dir='ltr'>ulteriori</span> <span class='ocrx_word' id='word_1_82' title='bbox 478 1912 601 1996; x_wconf 88' lang='lat' dir='ltr'>absque</span> <span class='ocrx_word' id='word_1_83' title='bbox 634 1913 821 1998; x_wconf 83' lang='lat' dir='ltr'>proroga⁶).</span> <span class='ocrx_word' id='word_1_84' title='bbox 855 1909 908 1976; x_wconf 85' lang='lat' dir='ltr'>Sic</span> <span class='ocrx_word' id='word_1_85' title='bbox 947 1913 1048 1976; x_wconf 85' lang='lat' dir='ltr'>eciam</span> <span class='ocrx_word' id='word_1_86' title='bbox 1088 1911 1318 1977; x_wconf 86' lang='lat' dir='ltr'>intitulandum</span> 
     </span>
     <span class='ocr_line' id='line_1_13' title="bbox 129 2021 540 2104; baseline -0.002 -19"><span class='ocrx_word' id='word_1_87' title='bbox 129 2028 183 2086; x_wconf 85' lang='lat' dir='ltr'>est</span> <span class='ocrx_word' id='word_1_88' title='bbox 207 2023 248 2086; x_wconf 87' lang='lat' dir='ltr'>de</span> <span class='ocrx_word' id='word_1_89' title='bbox 272 2023 337 2088; x_wconf 88' lang='lat' dir='ltr'>iam</span> <span class='ocrx_word' id='word_1_90' title='bbox 361 2021 540 2104; x_wconf 76' lang='lat' dir='ltr'>graduatis.</span> 
     </span>
    </p>
   </div>
   <div class='ocr_carea' id='block_1_5' title="bbox 340 2289 1127 2374">
    <p class='ocr_par' dir='ltr' id='par_1_6' title="bbox 340 2289 1127 2374">
     <span class='ocr_line' id='line_1_14' title="bbox 340 2289 1127 2374; baseline -0.003 -16"><span class='ocrx_word' id='word_1_91' title='bbox 340 2297 390 2358; x_wconf 87' lang='lat'>10.</span> <span class='ocrx_word' id='word_1_92' title='bbox 415 2292 471 2358; x_wconf 88' lang='lat' dir='ltr'>De</span> <span class='ocrx_word' id='word_1_93' title='bbox 495 2294 660 2358; x_wconf 89' lang='lat' dir='ltr'>termino</span> <span class='ocrx_word' id='word_1_94' title='bbox 684 2291 899 2358; x_wconf 75' lang='lat' dir='ltr'>rebellibus</span> <span class='ocrx_word' id='word_1_95' title='bbox 923 2289 1127 2374; x_wconf 69' lang='lat' dir='ltr'>indultol).</span> 
     </span>
    </p>
   </div>
   <div class='ocr_carea' id='block_1_6' title="bbox 131 2466 1471 3638">
    <p class='ocr_par' dir='ltr' id='par_1_7' title="bbox 131 2466 1471 3638">
     <span class='ocr_line' id='line_1_15' title="bbox 244 2466 1320 2558; baseline 0.001 -22"><span class='ocrx_word' id='word_1_96' title='bbox 244 2466 390 2556; x_wconf 82' lang='lat' dir='ltr'>Cumque</span> <span class='ocrx_word' id='word_1_97' title='bbox 424 2471 552 2555; x_wconf 84' lang='lat' dir='ltr'>singula</span> <span class='ocrx_word' id='word_1_98' title='bbox 585 2473 804 2539; x_wconf 85' lang='lat' dir='ltr'>universitatis</span> <span class='ocrx_word' id='word_1_99' title='bbox 838 2475 1007 2558; x_wconf 87' lang='lat' dir='ltr'>supposita</span> <span class='ocrx_word' id='word_1_100' title='bbox 1036 2473 1132 2556; x_wconf 87' lang='lat' dir='ltr'>juxta</span> <span class='ocrx_word' id='word_1_101' title='bbox 1174 2479 1320 2538; x_wconf 90' lang='lat' dir='ltr'>tenorem</span> 
     </span>
     <span class='ocr_line' id='line_1_16' title="bbox 131 2581 1320 2667; baseline 0.003 -23"><span class='ocrx_word' id='word_1_102' title='bbox 131 2581 305 2646; x_wconf 86' lang='lat' dir='ltr'>cuiusdam</span> <span class='ocrx_word' id='word_1_103' title='bbox 329 2582 449 2648; x_wconf 89' lang='lat' dir='ltr'>statuti</span> <span class='ocrx_word' id='word_1_104' title='bbox 473 2581 695 2646; x_wconf 86' lang='lat' dir='ltr'>universitatis</span> <span class='ocrx_word' id='word_1_105' title='bbox 728 2581 872 2666; x_wconf 81' lang='lat' dir='ltr'>predicte</span> <span class='ocrx_word' id='word_1_106' title='bbox 902 2583 1045 2647; x_wconf 85' lang='lat' dir='ltr'>existant</span> <span class='ocrx_word' id='word_1_107' title='bbox 1068 2582 1320 2667; x_wconf 88' lang='lat' dir='ltr'>quadripartita,</span> 
     </span>
     <span class='ocr_line' id='line_1_17' title="bbox 131 2689 1321 2774; baseline 0.002 -22"><span class='ocrx_word' id='word_1_108' title='bbox 131 2694 310 2772; x_wconf 86' lang='lat' dir='ltr'>nostreque</span> <span class='ocrx_word' id='word_1_109' title='bbox 344 2690 469 2754; x_wconf 86' lang='lat' dir='ltr'>nationi</span> <span class='ocrx_word' id='word_1_110' title='bbox 494 2711 531 2754; x_wconf 88' lang='lat' dir='ltr'>ac</span> <span class='ocrx_word' id='word_1_111' title='bbox 555 2689 627 2754; x_wconf 88' lang='lat' dir='ltr'>aliis</span> <span class='ocrx_word' id='word_1_112' title='bbox 651 2689 860 2768; x_wconf 77' lang='lat' dir='ltr'>matricule⁷)</span> <span class='ocrx_word' id='word_1_113' title='bbox 885 2711 943 2774; x_wconf 92' lang='lat' dir='ltr'>per</span> <span class='ocrx_word' id='word_1_114' title='bbox 972 2689 1118 2770; x_wconf 87' lang='lat' dir='ltr'>eandem,</span> <span class='ocrx_word' id='word_1_115' title='bbox 1144 2691 1235 2754; x_wconf 89' lang='lat' dir='ltr'>utin</span> <span class='ocrx_word' id='word_1_116' title='bbox 1261 2691 1321 2754; x_wconf 83' lang='lat' dir='ltr'>eis-</span> 
     </span>
     <span class='ocr_line' id='line_1_18' title="bbox 131 2796 1321 2883; baseline 0.004 -24"><span class='ocrx_word' id='word_1_117' title='bbox 131 2796 208 2861; x_wconf 88' lang='lat' dir='ltr'>dem</span> <span class='ocrx_word' id='word_1_118' title='bbox 233 2797 388 2862; x_wconf 86' lang='lat' dir='ltr'>distincte</span> <span class='ocrx_word' id='word_1_119' title='bbox 412 2796 588 2862; x_wconf 88' lang='lat' dir='ltr'>eorundem</span> <span class='ocrx_word' id='word_1_120' title='bbox 613 2801 782 2883; x_wconf 82' lang='lat' dir='ltr'>supposita</span> <span class='ocrx_word' id='word_1_121' title='bbox 805 2799 1034 2867; x_wconf 86' lang='lat' dir='ltr'>inscribantur.</span> <span class='ocrx_word' id='word_1_122' title='bbox 1058 2805 1135 2864; x_wconf 90' lang='lat' dir='ltr'>sunt</span> <span class='ocrx_word' id='word_1_123' title='bbox 1163 2820 1321 2874; x_wconf 85' lang='lat' dir='ltr'>concesse,</span> 
     </span>
     <span class='ocr_line' id='line_1_19' title="bbox 131 2904 1323 2990; baseline 0.002 -20"><span class='ocrx_word' id='word_1_124' title='bbox 131 2904 291 2971; x_wconf 85' lang='lat' dir='ltr'>hortandi</span> <span class='ocrx_word' id='word_1_125' title='bbox 316 2907 418 2990; x_wconf 85' lang='lat' dir='ltr'>igitur</span> <span class='ocrx_word' id='word_1_126' title='bbox 441 2914 517 2973; x_wconf 88' lang='lat' dir='ltr'>suut</span> <span class='ocrx_word' id='word_1_127' title='bbox 541 2914 574 2971; x_wconf 90' lang='lat' dir='ltr'>et</span> <span class='ocrx_word' id='word_1_128' title='bbox 597 2907 802 2972; x_wconf 81' lang='lat' dir='ltr'>ammonendi</span> <span class='ocrx_word' id='word_1_129' title='bbox 826 2906 969 2972; x_wconf 86' lang='lat' dir='ltr'>rebelles</span> <span class='ocrx_word' id='word_1_130' title='bbox 985 2907 1147 2988; x_wconf 85' lang='lat' dir='ltr'>seriosius,</span> <span class='ocrx_word' id='word_1_131' title='bbox 1171 2914 1207 2972; x_wconf 91' lang='lat' dir='ltr'>ut</span> <span class='ocrx_word' id='word_1_132' title='bbox 1235 2905 1323 2972; x_wconf 81' lang='lat' dir='ltr'>intra</span> 
     </span>
     <span class='ocr_line' id='line_1_20' title="bbox 131 3011 1471 3100; baseline 0.001 -23"><span class='ocrx_word' id='word_1_133' title='bbox 131 3035 278 3078; x_wconf 88' lang='lat' dir='ltr'>mensem</span> <span class='ocrx_word' id='word_1_134' title='bbox 313 3015 528 3080; x_wconf 88' lang='lat' dir='ltr'>intitulentur.</span> <span class='ocrx_word' id='word_1_135' title='bbox 563 3011 680 3096; x_wconf 75' lang='lat' dir='ltr'>Que⁸l,</span> <span class='ocrx_word' id='word_1_136' title='bbox 705 3017 766 3082; x_wconf 85' lang='lat' dir='ltr'>nisi</span> <span class='ocrx_word' id='word_1_137' title='bbox 790 3038 849 3100; x_wconf 90' lang='lat' dir='ltr'>per</span> <span class='ocrx_word' id='word_1_138' title='bbox 872 3023 1116 3100; x_wconf 88' lang='lat' dir='ltr'>procuratorem</span> <span class='ocrx_word' id='word_1_139' title='bbox 1145 3016 1232 3080; x_wconf 92' lang='lat' dir='ltr'>moni</span> <span class='ocrx_word' id='word_1_140' title='bbox 1255 3012 1322 3096; x_wconf 85' lang='lat' dir='ltr'>lta,</span> <span class='ocrx_word' id='word_1_141' title='bbox 1355 3015 1401 3068; x_wconf 74' lang='lat' dir='ltr'>tot.</span> <span class='ocrx_word' id='word_1_142' title='bbox 1425 3024 1471 3068; x_wconf 80' lang='lat'>18¹</span> 
     </span>
     <span class='ocr_line' id='line_1_21' title="bbox 133 3120 1322 3204; baseline -0.002 -16"><span class='ocrx_word' id='word_1_143' title='bbox 133 3123 338 3202; x_wconf 77' lang='lat' dir='ltr'>rennuerint¹</span> <span class='ocrx_word' id='word_1_144' title='bbox 350 3121 503 3188; x_wconf 87' lang='lat' dir='ltr'>differant</span> <span class='ocrx_word' id='word_1_145' title='bbox 515 3120 543 3203; x_wconf 78' lang='lat'>⁹)</span> <span class='ocrx_word' id='word_1_146' title='bbox 557 3145 612 3188; x_wconf 89' lang='lat' dir='ltr'>seu</span> <span class='ocrx_word' id='word_1_147' title='bbox 629 3124 851 3188; x_wconf 78' lang='lat' dir='ltr'>recusaverint</span> <span class='ocrx_word' id='word_1_148' title='bbox 867 3124 1041 3204; x_wconf 89' lang='lat' dir='ltr'>intitulari,</span> <span class='ocrx_word' id='word_1_149' title='bbox 1057 3130 1183 3202; x_wconf 85' lang='lat' dir='ltr'>extunc,</span> <span class='ocrx_word' id='word_1_150' title='bbox 1200 3122 1322 3188; x_wconf 88' lang='lat' dir='ltr'>habitis</span> 
     </span>
     <span class='ocr_line' id='line_1_22' title="bbox 132 3228 1321 3315; baseline 0 -21"><span class='ocrx_word' id='word_1_151' title='bbox 132 3228 271 3294; x_wconf 86' lang='lat' dir='ltr'>consilio</span> <span class='ocrx_word' id='word_1_152' title='bbox 304 3251 342 3293; x_wconf 81' lang='lat' dir='ltr'>ac</span> <span class='ocrx_word' id='word_1_153' title='bbox 376 3251 533 3295; x_wconf 83' lang='lat' dir='ltr'>consensu</span> <span class='ocrx_word' id='word_1_154' title='bbox 558 3230 680 3296; x_wconf 91' lang='lat' dir='ltr'>domini</span> <span class='ocrx_word' id='word_1_155' title='bbox 705 3231 849 3312; x_wconf 81' lang='lat' dir='ltr'>rectorio,</span> <span class='ocrx_word' id='word_1_156' title='bbox 878 3231 1023 3314; x_wconf 86' lang='lat' dir='ltr'>rigoroso</span> <span class='ocrx_word' id='word_1_157' title='bbox 1048 3253 1199 3315; x_wconf 87' lang='lat' dir='ltr'>processu</span> <span class='ocrx_word' id='word_1_158' title='bbox 1223 3230 1265 3294; x_wconf 87' lang='lat' dir='ltr'>od</span> <span class='ocrx_word' id='word_1_159' title='bbox 1289 3231 1321 3295; x_wconf 92' lang='lat' dir='ltr'>id</span> 
     </span>
     <span class='ocr_line' id='line_1_23' title="bbox 132 3335 1323 3422; baseline 0.002 -22"><span class='ocrx_word' id='word_1_160' title='bbox 132 3335 320 3401; x_wconf 78' lang='lat' dir='ltr'>laciendum</span> <span class='ocrx_word' id='word_1_161' title='bbox 355 3343 516 3420; x_wconf 85' lang='lat' dir='ltr'>cogantur</span> <span class='ocrx_word' id='word_1_162' title='bbox 549 3337 614 3402; x_wconf 89' lang='lat' dir='ltr'>sive</span> <span class='ocrx_word' id='word_1_163' title='bbox 648 3336 902 3420; x_wconf 75' lang='lat' dir='ltr'>compellantur,</span> <span class='ocrx_word' id='word_1_164' title='bbox 934 3359 1010 3404; x_wconf 87' lang='lat' dir='ltr'>nem</span> <span class='ocrx_word' id='word_1_165' title='bbox 1044 3339 1123 3404; x_wconf 86' lang='lat' dir='ltr'>talia</span> <span class='ocrx_word' id='word_1_166' title='bbox 1153 3340 1323 3422; x_wconf 89' lang='lat' dir='ltr'>supposita</span> 
     </span>
     <span class='ocr_line' id='line_1_24' title="bbox 132 3445 1324 3530; baseline 0.001 -22"><span class='ocrx_word' id='word_1_167' title='bbox 132 3467 152 3508; x_wconf 86' lang='lat' dir='ltr'>a</span> <span class='ocrx_word' id='word_1_168' title='bbox 177 3445 370 3510; x_wconf 86' lang='lat' dir='ltr'>nationibus</span> <span class='ocrx_word' id='word_1_169' title='bbox 403 3453 544 3529; x_wconf 89' lang='lat' dir='ltr'>quatuor</span> <span class='ocrx_word' id='word_1_170' title='bbox 576 3467 611 3508; x_wconf 89' lang='lat' dir='ltr'>se</span> <span class='ocrx_word' id='word_1_171' title='bbox 644 3445 813 3512; x_wconf 83' lang='lat' dir='ltr'>eximendo</span> <span class='ocrx_word' id='word_1_172' title='bbox 846 3449 995 3530; x_wconf 87' lang='lat' dir='ltr'>quintam</span> <span class='ocrx_word' id='word_1_173' title='bbox 1020 3448 1184 3515; x_wconf 83' lang='lat' dir='ltr'>nationem</span> <span class='ocrx_word' id='word_1_174' title='bbox 1209 3453 1324 3512; x_wconf 89' lang='lat' dir='ltr'>contra</span> 
     </span>
     <span class='ocr_line' id='line_1_25' title="bbox 131 3549 1323 3638; baseline 0.001 -22"><span class='ocrx_word' id='word_1_175' title='bbox 131 3552 362 3618; x_wconf 84' lang='lat' dir='ltr'>ordinationes</span> <span class='ocrx_word' id='word_1_176' title='bbox 395 3559 428 3618; x_wconf 92' lang='lat' dir='ltr'>et</span> <span class='ocrx_word' id='word_1_177' title='bbox 460 3559 588 3619; x_wconf 87' lang='lat' dir='ltr'>statuta</span> <span class='ocrx_word' id='word_1_178' title='bbox 622 3557 821 3620; x_wconf 85' lang='lat' dir='ltr'>constituere</span> <span class='ocrx_word' id='word_1_179' title='bbox 845 3577 903 3620; x_wconf 88' lang='lat' dir='ltr'>seu</span> <span class='ocrx_word' id='word_1_180' title='bbox 927 3557 1053 3638; x_wconf 85' lang='lat' dir='ltr'>erigere</span> <span class='ocrx_word' id='word_1_181' title='bbox 1087 3553 1261 3620; x_wconf 88' lang='lat' dir='ltr'>intendunt</span> <span class='ocrx_word' id='word_1_182' title='bbox 1273 3549 1323 3634; x_wconf 87' lang='lat'><strong>¹⁰).</strong></span> 
     </span>
    </p>
   </div>
   <div class='ocr_carea' id='block_1_7' title="bbox 130 3763 1323 4738">
    <p class='ocr_par' dir='ltr' id='par_1_8' title="bbox 249 3763 1149 3826">
     <span class='ocr_line' id='line_1_26' title="bbox 249 3763 1149 3826; baseline 0.007 -10"><span class='ocrx_word' id='word_1_183' title='bbox 249 3769 267 3826; x_wconf 91' lang='lat'>¹)</span> <span class='ocrx_word' id='word_1_184' title='bbox 286 3767 312 3816; x_wconf 85' lang='grc' dir='ltr'><strong>Α</strong></span> <span class='ocrx_word' id='word_1_185' title='bbox 332 3763 411 3818; x_wconf 81' lang='lat' dir='ltr'>›Sic‹</span> <span class='ocrx_word' id='word_1_186' title='bbox 433 3767 476 3817; x_wconf 84' lang='lat' dir='ltr'>szo</span> <span class='ocrx_word' id='word_1_187' title='bbox 495 3767 565 3817; x_wconf 76' lang='lat' dir='ltr'>uttu</span> <span class='ocrx_word' id='word_1_188' title='bbox 583 3765 699 3820; x_wconf 77' lang='lat' dir='ltr'>kerobbi</span> <span class='ocrx_word' id='word_1_189' title='bbox 717 3765 766 3820; x_wconf 80' lang='lat' dir='ltr'>lve‘z</span> <span class='ocrx_word' id='word_1_190' title='bbox 786 3784 802 3820; x_wconf 88' lang='lat' dir='ltr'>a</span> <span class='ocrx_word' id='word_1_191' title='bbox 821 3769 916 3820; x_wconf 81' lang='lat' dir='ltr'>tamea</span> <span class='ocrx_word' id='word_1_192' title='bbox 935 3771 992 3820; x_wconf 81' lang='lat' dir='ltr'>szot</span> <span class='ocrx_word' id='word_1_193' title='bbox 1011 3767 1088 3822; x_wconf 75' lang='lat' dir='ltr'>toldt.</span> <span class='ocrx_word' id='word_1_194' title='bbox 1107 3769 1149 3822; x_wconf 87' lang='lat' dir='ltr'>be.</span> 
     </span>
    </p>

    <p class='ocr_par' dir='ltr' id='par_1_9' title="bbox 247 3853 802 3924">
     <span class='ocr_line' id='line_1_27' title="bbox 247 3853 802 3924; baseline 0.007 -19"><span class='ocrx_word' id='word_1_195' title='bbox 247 3856 267 3914; x_wconf 75' lang='lat'>²)</span> <span class='ocrx_word' id='word_1_196' title='bbox 286 3853 409 3906; x_wconf 77' lang='lat' dir='ltr'>Kembbi</span> <span class='ocrx_word' id='word_1_197' title='bbox 426 3854 476 3907; x_wconf 76' lang='lat' dir='ltr'>kez</span> <span class='ocrx_word' id='word_1_198' title='bbox 495 3854 551 3907; x_wconf 87' lang='lat' dir='ltr'>irta</span> <span class='ocrx_word' id='word_1_199' title='bbox 569 3853 642 3908; x_wconf 76' lang='lat' dir='ltr'>fole&#39;:</span> <span class='ocrx_word' id='word_1_200' title='bbox 665 3854 683 3905; x_wconf 74' lang='lat'><em>4</em></span> <span class='ocrx_word' id='word_1_201' title='bbox 702 3856 802 3924; x_wconf 75' lang='lat' dir='ltr'>crucif.</span> 
     </span>
    </p>

    <p class='ocr_par' dir='ltr' id='par_1_10' title="bbox 247 3943 1323 4017">
     <span class='ocr_line' id='line_1_28' title="bbox 247 3943 1323 4017; baseline 0.009 -23"><span class='ocrx_word' id='word_1_202' title='bbox 247 3947 268 4006; x_wconf 76' lang='lat'>⁵)</span> <span class='ocrx_word' id='word_1_203' title='bbox 287 3943 353 3996; x_wconf 76' lang='lat' dir='ltr'>nole</span> <span class='ocrx_word' id='word_1_204' title='bbox 371 3943 433 3998; x_wconf 86' lang='lat' dir='ltr'>irva</span> <span class='ocrx_word' id='word_1_205' title='bbox 451 3947 470 3997; x_wconf 88' lang='grc'><em>8</em></span> <span class='ocrx_word' id='word_1_206' title='bbox 487 3943 589 4012; x_wconf 81' lang='lat' dir='ltr'>crucis.</span> <span class='ocrx_word' id='word_1_207' title='bbox 601 3963 612 4012; x_wconf 74' lang='lat'>,¹</span> <span class='ocrx_word' id='word_1_208' title='bbox 625 3963 641 3999; x_wconf 84' lang='lat' dir='ltr'>a</span> <span class='ocrx_word' id='word_1_209' title='bbox 654 3946 808 4016; x_wconf 75' lang='lat' dir='ltr'>lapsatlen:</span> <span class='ocrx_word' id='word_1_210' title='bbox 822 3945 922 4000; x_wconf 81' lang='lat' dir='ltr'>nobilis</span> <span class='ocrx_word' id='word_1_211' title='bbox 934 3947 953 3998; x_wconf 89' lang='lat'><em>2</em></span> <span class='ocrx_word' id='word_1_212' title='bbox 965 3945 1014 4002; x_wconf 80' lang='lat' dir='ltr'>sol.</span> <span class='ocrx_word' id='word_1_213' title='bbox 1031 3948 1089 4002; x_wconf 87' lang='lat' dir='ltr'>ride</span> <span class='ocrx_word' id='word_1_214' title='bbox 1103 3949 1185 4017; x_wconf 76' lang='lat' dir='ltr'>infra</span> <span class='ocrx_word' id='word_1_215' title='bbox 1198 3950 1247 4017; x_wconf 78' lang='lat' dir='ltr'>fol.</span> <span class='ocrx_word' id='word_1_216' title='bbox 1264 3954 1323 4004; x_wconf 83' lang='lat'><em>109.</em></span> 
     </span>
    </p>

    <p class='ocr_par' dir='ltr' id='par_1_11' title="bbox 245 4034 710 4106">
     <span class='ocr_line' id='line_1_29' title="bbox 245 4034 710 4106; baseline 0.011 -20"><span class='ocrx_word' id='word_1_217' title='bbox 245 4035 267 4094; x_wconf 86' lang='lat'>⁴)</span> <span class='ocrx_word' id='word_1_218' title='bbox 288 4037 319 4086; x_wconf 85' lang='lat' dir='ltr'>V.</span> <span class='ocrx_word' id='word_1_219' title='bbox 339 4039 369 4092; x_wconf 74' lang='lat' dir='ltr'>o..</span> <span class='ocrx_word' id='word_1_220' title='bbox 383 4037 497 4087; x_wconf 80' lang='lat' dir='ltr'>statuta</span> <span class='ocrx_word' id='word_1_221' title='bbox 515 4034 585 4106; x_wconf 81' lang='lat' dir='ltr'>orig.</span> <span class='ocrx_word' id='word_1_222' title='bbox 605 4053 665 4104; x_wconf 85' lang='lat' dir='ltr'>cap.</span> <span class='ocrx_word' id='word_1_223' title='bbox 686 4044 710 4092; x_wconf 83' lang='lat'>4.</span> 
     </span>
    </p>

    <p class='ocr_par' dir='ltr' id='par_1_12' title="bbox 247 4123 857 4192">
     <span class='ocr_line' id='line_1_30' title="bbox 247 4123 857 4192; baseline 0.01 -18"><span class='ocrx_word' id='word_1_224' title='bbox 247 4126 267 4185; x_wconf 75' lang='lat'>⁵)</span> <span class='ocrx_word' id='word_1_225' title='bbox 287 4123 414 4191; x_wconf 72' lang='lat' dir='ltr'>Impaztli</span> <span class='ocrx_word' id='word_1_226' title='bbox 432 4123 577 4178; x_wconf 79' lang='lat' dir='ltr'>botoldsts:</span> <span class='ocrx_word' id='word_1_227' title='bbox 597 4129 629 4178; x_wconf 83' lang='lat' dir='ltr'>ut</span> <span class='ocrx_word' id='word_1_228' title='bbox 648 4125 731 4192; x_wconf 78' lang='lat' dir='ltr'>infra</span> <span class='ocrx_word' id='word_1_229' title='bbox 750 4127 857 4180; x_wconf 82' lang='lat' dir='ltr'>atatim.</span> 
     </span>
    </p>

    <p class='ocr_par' dir='ltr' id='par_1_13' title="bbox 245 4215 728 4286">
     <span class='ocr_line' id='line_1_31' title="bbox 245 4215 728 4286; baseline 0.008 -20"><span class='ocrx_word' id='word_1_230' title='bbox 245 4217 267 4276; x_wconf 79' lang='lat'>⁶)</span> <span class='ocrx_word' id='word_1_231' title='bbox 286 4217 319 4266; x_wconf 86' lang='lat' dir='ltr'>V.</span> <span class='ocrx_word' id='word_1_232' title='bbox 338 4220 362 4267; x_wconf 81' lang='lat' dir='ltr'>o.</span> <span class='ocrx_word' id='word_1_233' title='bbox 382 4217 496 4269; x_wconf 76' lang='lat' dir='ltr'>statuta</span> <span class='ocrx_word' id='word_1_234' title='bbox 515 4215 584 4286; x_wconf 83' lang='lat' dir='ltr'>orig.</span> <span class='ocrx_word' id='word_1_235' title='bbox 604 4232 664 4285; x_wconf 86' lang='lat' dir='ltr'>cap.</span> <span class='ocrx_word' id='word_1_236' title='bbox 688 4226 728 4270; x_wconf 78' lang='lat'>14.</span> 
     </span>
    </p>

    <p class='ocr_par' dir='ltr' id='par_1_14' title="bbox 247 4304 972 4370">
     <span class='ocr_line' id='line_1_32' title="bbox 247 4304 972 4370; baseline 0.008 -15"><span class='ocrx_word' id='word_1_237' title='bbox 247 4305 267 4366; x_wconf 69' lang='grc' dir='ltr'>τ)</span> <span class='ocrx_word' id='word_1_238' title='bbox 286 4304 406 4370; x_wconf 77' lang='lat' dir='ltr'>Folctte,</span> <span class='ocrx_word' id='word_1_239' title='bbox 425 4305 542 4358; x_wconf 78' lang='lat' dir='ltr'>keaoblri</span> <span class='ocrx_word' id='word_1_240' title='bbox 561 4305 669 4358; x_wconf 73' lang='lat' dir='ltr'>keztrtl:</span> <span class='ocrx_word' id='word_1_241' title='bbox 689 4306 794 4360; x_wconf 77' lang='lat' dir='ltr'>seilicet</span> <span class='ocrx_word' id='word_1_242' title='bbox 814 4307 972 4363; x_wconf 78' lang='lat' dir='ltr'>nationum.</span> 
     </span>
    </p>

    <p class='ocr_par' dir='ltr' id='par_1_15' title="bbox 130 4395 1323 4549">
     <span class='ocr_line' id='line_1_33' title="bbox 245 4395 1323 4464; baseline 0.004 -16"><span class='ocrx_word' id='word_1_243' title='bbox 245 4400 267 4456; x_wconf 75' lang='lat'>⁸)</span> <span class='ocrx_word' id='word_1_244' title='bbox 287 4395 409 4449; x_wconf 72' lang='lat' dir='ltr'>Kescbbi</span> <span class='ocrx_word' id='word_1_245' title='bbox 427 4395 477 4449; x_wconf 80' lang='lat' dir='ltr'>lve&#39;z</span> <span class='ocrx_word' id='word_1_246' title='bbox 496 4396 553 4450; x_wconf 87' lang='lat' dir='ltr'>irta</span> <span class='ocrx_word' id='word_1_247' title='bbox 571 4401 614 4449; x_wconf 81' lang='lat' dir='ltr'>eat</span> <span class='ocrx_word' id='word_1_248' title='bbox 634 4397 695 4449; x_wconf 74' lang='lat' dir='ltr'>alet:</span> <span class='ocrx_word' id='word_1_249' title='bbox 714 4398 787 4464; x_wconf 84' lang='lat' dir='ltr'>quod</span> <span class='ocrx_word' id='word_1_250' title='bbox 801 4401 828 4452; x_wconf 80' lang='lat' dir='ltr'>es</span> <span class='ocrx_word' id='word_1_251' title='bbox 841 4399 931 4452; x_wconf 85' lang='lat' dir='ltr'>ennak</span> <span class='ocrx_word' id='word_1_252' title='bbox 943 4399 1162 4453; x_wconf 73' lang='lat' dir='ltr'>lvttvetlrezto&#39;beu</span> <span class='ocrx_word' id='word_1_253' title='bbox 1182 4419 1197 4454; x_wconf 88' lang='lat' dir='ltr'>a</span> <span class='ocrx_word' id='word_1_254' title='bbox 1217 4399 1323 4452; x_wconf 72' lang='lat' dir='ltr'>vironitu</span> 
     </span>
     <span class='ocr_line' id='line_1_34' title="bbox 130 4482 506 4549; baseline 0.003 -11"><span class='ocrx_word' id='word_1_255' title='bbox 130 4486 192 4538; x_wconf 74' lang='lat' dir='ltr'>azot</span> <span class='ocrx_word' id='word_1_256' title='bbox 210 4482 335 4549; x_wconf 74' lang='lat' dir='ltr'>kijavita</span> <span class='ocrx_word' id='word_1_257' title='bbox 353 4485 506 4539; x_wconf 80' lang='lat' dir='ltr'>moniti-ra.</span> 
     </span>
    </p>

    <p class='ocr_par' dir='ltr' id='par_1_16' title="bbox 247 4575 643 4638">
     <span class='ocr_line' id='line_1_35' title="bbox 247 4575 643 4638; baseline 0.008 -10"><span class='ocrx_word' id='word_1_258' title='bbox 247 4579 268 4638; x_wconf 78' lang='lat'>⁹)</span> <span class='ocrx_word' id='word_1_259' title='bbox 288 4575 354 4629; x_wconf 74' lang='lat' dir='ltr'>rute</span> <span class='ocrx_word' id='word_1_260' title='bbox 373 4575 451 4629; x_wconf 87' lang='lat' dir='ltr'>irva:</span> <span class='ocrx_word' id='word_1_261' title='bbox 471 4575 643 4631; x_wconf 79' lang='lat' dir='ltr'>distulerint.</span> 
     </span>
    </p>

    <p class='ocr_par' dir='ltr' id='par_1_17' title="bbox 237 4665 611 4738">
     <span class='ocr_line' id='line_1_36' title="bbox 237 4665 611 4738; baseline 0 -18"><span class='ocrx_word' id='word_1_262' title='bbox 237 4673 269 4738; x_wconf 67' lang='lat'>¹⁰)</span> <span class='ocrx_word' id='word_1_263' title='bbox 290 4667 355 4720; x_wconf 72' lang='lat' dir='ltr'>nole</span> <span class='ocrx_word' id='word_1_264' title='bbox 375 4667 452 4720; x_wconf 87' lang='lat' dir='ltr'>irva:</span> <span class='ocrx_word' id='word_1_265' title='bbox 472 4665 611 4722; x_wconf 60' lang='lat' dir='ltr'>addentur.</span> 
     </span>
    </p>
   </div>
   <div class='ocr_carea' id='block_1_8' title="bbox 0 0 1663 5328">
    <p class='ocr_par' dir='ltr' id='par_1_18' title="bbox 0 0 1663 5328">
     <span class='ocr_line' id='line_1_37' title="bbox 0 0 1663 5328; baseline 0 0"><span class='ocrx_word' id='word_1_266' title='bbox 0 0 1663 5328; x_wconf 95' lang='lat' dir='ltr'> </span> 
     </span>
    </p>
   </div>
  </div>
 </body>
</html>
