3296 5328
459 635 602 700 Tlronres
627 635 666 700 (16
690 632 877 702 Oirkeuoza.
905 636 993 702 dedit
1021 642 1059 703 13
1086 637 1157 703 den.

458 741 601 806 Mielrael
627 742 782 808 Kirtlurer
806 743 846 808 de
871 743 976 824 Buua,
1004 740 1104 810 dedit.
1306 819 1308 822 ,

458 849 484 915 J
485 851 628 914 ohannes
645 852 739 917 More
764 852 803 916 de
824 853 942 918 Rivulo
959 853 1172 938 dominarum,
1190 853 1280 919 dedit
1300 863 1318 920 2
1335 877 1382 937 gr.
1399 853 1535 922 Surnnre

203 941 320 1017 ’1453ss
351 959 428 1024 facit
454 965 470 1024 l
497 959 554 1024 sol.
580 965 619 1036 21
647 959 718 1024 den.

206 2757 312 2806 145411

458 1081 501 1152 In
529 1089 719 1170 procuracia
751 1087 841 1170 Mag.
874 1088 998 1154 Thome
1031 1089 1195 1174 Pryeaner
1228 1091 1268 1156 de
1301 1089 1535 1156 Slalrlrenwerd

349 1195 499 1278 inseripti
521 1201 599 1260 sunt
623 1195 801 1260 bar-calarii
825 1197 948 1262 arcium
972 1197 1014 1262 ad
1038 1200 1202 1262 nationem
1228 1199 1375 1282 Ungarie
1408 1201 1462 1266 hic
1495 1201 1535 1264 si-

350 1305 451 1386 gnati,
477 1306 581 1368 1453:

457 1411 630 1477 Johannes
655 1409 734 1495 Styr
758 1413 797 1476 (16
822 1413 924 1497 Egra,
947 1415 1039 1480 dedit
1066 1421 1106 1482 10
1136 1416 1208 1480 den.

457 1517 640 1604 Gregorius
664 1520 703 1584 de
727 1515 819 1601 Zalas,
845 1520 934 1586 dedit
949 1527 978 1585 ,1
1010 1545 1057 1607 gr.

457 1627 623 1693 Martinus
647 1627 687 1691 de
710 1627 817 1708 Lens,
841 1628 931 1694 dedit
956 1636 975 1692 8
1000 1629 1071 1696 den.

458 1733 642 1818 Stephanus
667 1734 707 1800 de
732 1733 907 1818 Strigonio,
931 1737 1022 1801 dedit
1049 1743 1064 1802 1
1090 1760 1137 1820 gr.

458 1841 645 1908 Antlronius
669 1843 709 1908 (16
733 1843 917 1926 Macranen,
941 1845 1031 1912 dedit
1057 1851 1073 1910 1
1099 1869 1146 1928 gr.

458 1961 526 2032 Sub
551 1969 742 2051 procuracia
758 1969 848 2050 Mag.
863 1966 889 2032 J
891 1971 1027 2036 ohannis
1043 1965 1168 2050 Rt'del,
1185 1971 1315 2056 plebani
1332 1972 1372 2038 de
1387 1972 1534 2040 Corona:

456 2075 652 2142 Valentinus
676 2077 787 2142 Rewel
812 2078 851 2141 (16
875 2075 1013 2160 Corona,
1038 2079 1127 2144 dedit
1156 2085 1170 2144 1
1197 2103 1245 2163 gr.

456 2181 577 2249 Petrus
601 2182 766 2250 Gotti'ridi
791 2184 830 2250 de
853 2183 1027 2265 Coronal
1054 2209 1101 2270 gr.

455 2293 576 2358 Petrus
599 2293 750 2358 Minclrin
774 2293 814 2358 de
836 2291 974 2374 Corona,
999 2301 1018 2359 2
1044 2317 1092 2378 gr.

456 2399 579 2465 Paulus
603 2401 733 2486 Burgei·
757 2401 796 2468 de
820 2399 957 2480 Corona,
985 2407 999 2466 1
1031 2425 1077 2486 gr.

456 2505 575 2590 Symon
600 2507 640 2572 de
663 2509 811 2592 Lulya,l
839 2531 886 2592 gr.

455 2615 577 2680 Frater
601 2615 710 2681 Lucas
735 2617 775 2682 de
799 2616 940 2699 Zylasch
964 2617 1086 2682 ordinis
1109 2615 1368 2684 Predicatornm.

456 2733 525 2804 Sub
549 2743 741 2825 procruecia
764 2744 854 2826 Mag.
877 2741 981 2808 Blasii
1005 2743 1050 2806 hii
1074 2743 1273 2828 infrascripti
1291 2745 1470 2811 baccalarii
1487 2749 1536 2812 in-

348 2849 472 2914 titulati
496 2850 637 2916 suntad
661 2852 870 2916 matriculam
894 2853 1038 2918 nacionis
1062 2851 1252 2934 Hungarie:

455 2955 626 3023 Johannes
651 2957 770 3022 Jacobi
795 2958 834 3022 de
859 2956 1075 3038 Themeswar,
1099 2959 1189 3024 dedit
1216 2965 1230 3024 1
1258 2983 1304 3043 gr.

456 3063 598 3128 Thomas
622 3063 846 3147 Altenberger
870 3064 909 3130 de
933 3063 1079 3150 Oybinio,
1104 3065 1196 3132 dedit
1224 3071 1239 3132 1
1269 3089 1315 3151 gr.

455 3172 578 3239 Paulus
602 3174 811 3256 Brasyatoris
835 3173 876 3238 de
900 3171 1092 3256 Cremnicia,
1117 3175 1207 3240 dedit
1234 3180 1315 3258 lgr.

455 3278 639 3367 Stephanus
663 3282 703 3347 de
727 3281 845 3364 lllyclu
870 3281 959 3346 dedit
987 3287 1002 3345 l
1029 3304 1076 3365 gr.

455 3387 644 3454 ieronimus
667 3389 708 3453 de
731 3385 950 3468 Castrosches,
970 3388 1060 3454 dedit
1086 3395 1099 3453 1
1129 3387 1207 3473 (46.1)

455 3493 667 3562 Oristofferus
690 3496 934 3577 Pettschacher,
959 3495 1050 3561 dedit
1072 3503 1154 3580 lgr.

454 3603 608 3668 Andreas
632 3604 827 3686 Marquardi
851 3603 891 3667 de
914 3603 1137 3685 wratislavia,
1162 3605 1252 3670 dedit
1278 3609 1294 3669 1
1320 3628 1367 3688 gr.

454 3709 634 3792 Gregorius
658 3711 698 3775 de
722 3709 845 3792 Zakeh,
869 3710 960 3775 dedit
988 3716 1002 3774 1
1028 3733 1075 3794 gr.

453 3817 623 3884 dohannes
646 3809 776 3883 llldlner
800 3819 840 3883 (16
863 3815 1014 3902 cybinio,
1036 3820 1127 3885 dedit
1150 3817 1228 3904 μ’)

453 3937 522 4008 Sub
547 3946 739 4026 procrnacia
755 3944 845 4028 Mag.
863 3941 999 4009 Andree
1015 3945 1055 4009 de
1079 3945 1184 4026 Euda,
1217 3947 1363 4012 canonici
1395 3947 1537 4012 ecclesie

346 4051 620 4136 Wesprimiensis,
644 4059 721 4118 sunt
744 4053 905 4118 intitulati
928 4055 1057 4118 nomine
1081 4053 1339 4120 baccalariatus:

454 4251 473 4311 1)
492 4246 614 4301 Ke'sdbbi
633 4246 743 4300 kastel:
764 4247 935 4302 0111111494.

452 4337 696 4400 ¹)1ttiemetFr.
725 4335 888 4390 Vincentius
916 4337 1092 4391 Andronicus
1111 4337 1199 4408 egybe
1217 4341 1343 4408 jegyzese
1362 4339 1537 4394 ktvetkezik

343 4431 378 4489 (v.
399 4431 423 4478 ὅ.
444 4423 561 4479 fontebb
581 4433 624 4479 59.
644 4428 672 4478 es
692 4435 733 4480 64.
755 4425 913 4496 lepoklral):

451 4517 533 4570 Anno
542 4515 665 4572 Domini
676 4517 755 4583 1560,
767 4517 799 4570 in
808 4516 881 4586 festo
891 4516 952 4570 divi
963 4517 1100 4584 Colmoni,
1112 4519 1214 4573 electus
1222 4517 1271 4587 fui
1282 4535 1329 4588 eqo
1340 4515 1446 4572 dicier
1463 4519 1538 4574 Via-

344 4606 454 4660 uentioe
473 4607 654 4660 Andronicus
678 4606 882 4676 Tragisamus
896 4605 1035 4661 Dolnrota
1049 4607 1160 4662 ordinis
1174 4607 1418 4676 Praedicatornm‚
1430 4625 1538 4664 sarrae

344 4696 788 4766 116616916661666611166661166
799 4695 901 4762 doctor,
917 4695 949 4750 in
960 4701 1174 4764 proferatur-em
1192 4697 1377 4769 nunquidne.
1390 4699 1538 4756 notionis.
