3324 5326
321 395 386 466 188

320 599 471 684 Emerici,
495 587 699 688 presentibus
714 599 836 670 ibidem
854 598 950 671 Dom.
964 597 1154 673 Licenciato
1169 601 1347 676 Ambrosio
1364 598 1501 688 Salozer,

319 707 411 795 Mag.
434 711 597 778 Michaele
620 711 742 795 Fabro‚
767 713 862 780 Dom.
894 713 1064 798 Silvestre,
1088 717 1130 784 ab
1164 719 1284 801 quibus
1308 739 1368 802 ego
1393 717 1502 800 Mag.

320 817 546 886 Osbaldus
564 819 698 888 Saum
710 845 726 887 e
737 845 762 904 r,
779 831 975 907 procurator
985 827 1184 891 constitutus
1195 825 1340 909 predicte
1351 826 1503 906 nationis,

320 928 428 996 fateor
450 951 502 995 me
535 931 697 1016 accepisse
730 955 831 998 unum
863 932 934 998 flor.
967 930 1255 1016 Saltzpurgensem
1287 935 1323 999 in
1355 954 1444 1014 auro,
1468 940 1502 999 et

123 1125 126 1132 ἢ
205 1107 282 1168 1545,
321 1037 433 1106 3flor.
457 1037 625 1103 Renenses
648 1039 683 1103 in
706 1061 788 1104 auro
821 1045 854 1104 et
881 1041 1059 1106 lutetia
1094 1049 1234 1124 moneta,
1257 1047 1291 1106 et
1314 1043 1355 1108 de
1381 1049 1420 1109 12
1444 1042 1501 1108 tal·

174 1175 235 1238 jun.
257 1181 298 1227 27,
320 1147 453 1229 exposui
480 1152 496 1210 1
522 1145 578 1211 tal.
601 1167 660 1229 pro
693 1146 800 1212 officio
832 1143 994 1214 Ladislaii
1019 1151 1108 1234 regis
1141 1171 1179 1216 ac
1212 1171 1272 1234 pro
1296 1151 1442 1235 exequiis
1465 1155 1499 1214 et

320 1255 521 1321 necessariis.
546 1255 688 1320 Restant
711 1255 819 1322 adhuc
842 1259 876 1324 in
899 1279 1002 1342 parva
1024 1261 1163 1344 pecunia
1188 1263 1223 1324 ll
1253 1259 1310 1325 tal.
1334 1259 1413 1352 den..

849 1401 930 1464 (1546
949 1402 985 1464 L)

429 1503 523 1572 Anno
547 1509 681 1576 Domini
697 1509 905 1578 MDXLVI.
921 1511 1028 1578 factus
1045 1499 1095 1578 est
1111 1514 1255 1579 calculus
1279 1520 1391 1596 nostre
1407 1511 1502 1578 Hun-

321 1618 430 1702 garice
453 1619 606 1698 nationis,
629 1626 779 1703 receptae
812 1621 957 1686 rationes
981 1642 1002 1686 a
1024 1621 1202 1688 venerabili
1236 1623 1304 1686 viro
1329 1622 1419 1704 Mag.
1442 1616 1503 1684 Os·

321 1725 424 1790 waldo
449 1723 595 1808 Saumer,
619 1728 826 1810 presentibus
859 1728 949 1812 Mag.
982 1729 1109 1794 Thomu
1142 1729 1275 1794 Mathia
1306 1728 1447 1794 Pelsano
1469 1733 1504 1789 et

320 1833 462 1898 nationis
480 1833 694 1918 Huugaricae
710 1843 923 1921 procuratore
939 1835 1115 1902 Mathia
1131 1833 1247 1902 Corn
1258 1859 1317 1918 ax,
1334 1837 1455 1901 artium
1470 1841 1504 1899 et
1601 1889 1607 1903 .

321 1939 480 2023 medicine
498 1941 638 2024 doctore,
655 1949 689 2009 et
705 1943 817 2010 oblata
833 1945 970 2028 pecunia
991 1949 1028 2008 11
1047 1944 1116 2010 flor.
1133 1945 1338 2040 Renensium.
1347 1950 1380 2007 et
1397 1941 1506 2008 31101.

323 2047 525 2127 Renensium
548 2050 583 2115 in
607 2073 688 2117 auro
713 2059 746 2117 et
770 2053 866 2118 unius
882 2053 917 2116 in
940 2073 1020 2119 auro
1045 2051 1319 2136 Salozpirrgensis‚
1343 2072 1406 2135 que
1428 2050 1504 2114 reli·

328 2179 393 2240 qua
417 2162 491 2223 erat
513 2165 587 2242 poet
610 2181 769 2245 expensas
802 2160 930 2227 debitas
963 2161 1078 2228 factas.
1110 2161 1184 2244 Ego
1207 2163 1321 2244 itaque
1354 2157 1504 2226 Mathias

325 2266 465 2351 Cornan
491 2271 613 2334 artium
637 2276 671 2334 et
693 2269 852 2351 medicine
876 2270 997 2351 doctor,
1031 2277 1110 2335 tunc
1141 2274 1337 2353 procurator
1361 2266 1504 2332 nationis

322 2378 472 2459 existens,
496 2378 602 2443 fateor
625 2377 686 2443 hoo
709 2399 781 2444 meo
798 2379 1014 2462 chirographo
1038 2400 1089 2444 me
1113 2400 1133 2443 a
1156 2381 1370 2462 procuratore
1393 2394 1503 2458 prece-

322 2485 420 2551 dente
443 2485 521 2551 iam¹
541 2488 709 2552 nominato
740 2487 914 2570 pecuniam
946 2487 1203 2571 suprascriptam
1237 2507 1311 2550 cum
1334 2482 1445 2548 ladula
1469 2487 1504 2544 et

322 2593 404 2660 libro
427 2595 568 2658 nationis
583 2595 769 2678 suscepisse.

835 2720 917 2780 (rare
936 2719 985 2782 Π.)

171 2845 218 2900 101,
242 2855 324 2902 122⁸¹
429 2823 506 2894 Hac
537 2829 723 2894 mutatione
746 2828 888 2913 hyemali
922 2828 1049 2895 Ductor
1081 2825 1360 2894 Franciscus
1393 2826 1505 2890 Eme·

326 2939 446 3004 ricus
469 2938 501 3001 in
526 2935 676 3002 absentia
699 2937 823 3002 electus
847 2937 956 3002 iuerat
978 2939 1013 3003 in
1038 2944 1286 3022 procuratorem
1310 2941 1423 3016 nostre
1447 2953 1502 2997 na·

324 3046 423 3109 tionis
447 3044 500 3109 die
523 3042 695 3110 Oolomani
711 3066 796 3110 auno
815 3051 874 3110 etc.
896 3049 991 3124 1546,
1015 3047 1071 3110 sed
1097 3067 1171 3111 oum
1195 3049 1368 3128 acceptare
1392 3041 1502 3120 nollet,

324 3153 357 3216 in
381 3153 449 3218 eius
472 3153 578 3218 locum
603 3174 663 3237 ego
688 3152 795 3237 Mag.
820 3153 1054 3220 Oswaldus
1071 3153 1268 3219 substitutus
1292 3173 1365 3216 sum
1389 3159 1422 3216 et
1443 3151 1506 3214 hac

323 3263 506 3326 mutacione
529 3260 610 3326 nihil
632 3264 770 3346 percepi.

430 3370 502 3452 Ego
527 3369 617 3452 Mag.
649 3367 821 3436 Oswaldus
855 3367 998 3437 Sawmer
1030 3369 1148 3454 reliqui
1182 3375 1256 3454 post
1288 3366 1449 3434 calcidam
1472 3365 1504 3428 in

322 3478 455 3542 natione
478 3476 654 3543 venerabili
688 3477 756 3542 viro
789 3477 879 3562 Mag.
911 3478 1067 3544 Michaeli
1100 3478 1213 3544 Fabro
1246 3499 1346 3542 uuum
1371 3495 1505 3540 aureum

324 3581 606 3670 Saltaburgcnsem
632 3592 666 3650 et
691 3591 708 3650 3
733 3585 802 3651 flor.
826 3585 1002 3669 Renenses,
1026 3585 1082 3654 tal.
1109 3591 1159 3668 11,
1193 3589 1345 3668 presente
1370 3581 1500 3666 egregio

189 3663 300 3794 Ῑηιὲἰῆι
323 3694 392 3758 viro
416 3693 560 3759 Doctore
594 3693 725 3759 Mathia
758 3693 897 3760 (lornax.
931 3694 1054 3762 Actum
1088 3695 1192 3777 primo
1226 3693 1279 3759 die
1302 3691 1397 3774 Maii,
1421 3709 1508 3756 anno

325 3807 385 3867 etc.
403 3799 499 3866 1547.
512 3795 539 3884 ¹)

209 3032 286 3092 1546,

186 3097 244 3150 okt.
261 3105 302 3150 13.

861 3891 943 3954 (1547
963 3891 1011 3952 Π.)

430 3995 499 4065 Pro
510 4001 693 4066 mutacione
703 3999 844 4067 brumali
854 4003 932 4066 anui
945 4005 1028 4066 1547
1040 3999 1073 4066 A
1084 4000 1308 4065 mhrosius
1326 3997 1451 4064 Saltu
1463 4018 1509 4062 er

323 4109 514 4174 licenciatus
534 4110 658 4202 ascitus
679 4116 729 4176 est
747 4111 841 4176 iuxta
860 4131 983 4175 morem
1003 4110 1149 4176 nacionis
1166 4107 1332 4192 Ungarice
1347 4109 1510 4172 inmunus

328 4233 531 4244 —n———Q

435 4288 454 4349 ¹)
473 4289 513 4339 Aa
535 4293 601 4340 1547
622 4286 706 4340 I-beli
725 4290 904 4356 procuratort
930 4304 995 4342 nem
1023 4285 1100 4341 lehet
1128 4288 1207 4355 egesz
1225 4283 1413 4355 biztosstggal
1433 4298 1509 4353 mog·

325 4374 488 4443 hattrozni3
508 4393 581 4447 vagy
601 4395 617 4430 a
635 4376 754 4432 fontebb
773 4377 898 4431 emlitett
915 4382 990 4448 Mag.
1010 4377 1132 4430 Michael
1150 4375 1238 4430 Fabri
1256 4391 1331 4446 vogy
1342 4373 1427 4444 pedig
1449 4379 1509 4428 Ma·

324 4466 413 4537 gister
431 4467 576 4522 Osweldus
596 4472 712 4522 Saumer
739 4468 842 4536 volta
870 4467 900 4520 ki
928 4469 1024 4539 magtt
1052 4485 1068 4520 a
1096 4475 1156 4522 200.
1184 4465 1269 4535 lapon
1288 4463 1509 4534 procuratornak

322 4557 389 4623 jelzi
407 4558 437 4612 in
457 4559 677 4613 commutacione
696 4559 816 4626 estivali,
836 4576 852 4612 a
870 4559 923 4612 mit
943 4561 1067 4614 azonbun
1086 4563 1151 4618 aad
1175 4557 1356 4626 helyettesitc
1384 4555 1509 4620 tisztjerc

324 4648 348 4702 is
368 4649 478 4704 lehetne
498 4650 587 4703 ertoni
610 4656 686 4703 1546.
706 4649 757 4702 teli
770 4647 907 4710 lelevben.
