3330 5324
1276 443 1339 506 357

159 650 193 711 et
226 645 260 712 in
294 643 535 712 schediasmate
568 649 704 728 propter
738 641 904 710 defectum
936 643 1033 710 huius
1058 642 1179 710 codicis
1202 641 1345 709 relatum

158 783 237 842 esse,
248 767 423 845 praesente
439 759 619 826 reverendo
636 755 739 834 Patre
757 755 905 824 Martino
923 755 1053 839 Melzig,
1071 753 1246 821 Societatis
1261 754 1287 819 J
1289 777 1347 824 esu

159 875 194 936 et
217 875 445 936 sacrosanctae
469 868 655 953 theologiae
680 868 813 934 doctore
837 871 871 932 et
894 867 1078 952 professore
1103 868 1279 934 ordinario.

267 984 408 1052 Caetera
451 991 634 1052 memoratu
668 984 767 1068 digna
799 985 943 1050 referam
975 985 1009 1050 in
1042 1007 1161 1050 novum
1195 975 1346 1064 codicem,

159 1116 257 1180 quem
289 1097 454 1180 pollicitus
478 1103 526 1162 est
559 1093 755 1162 reverendus
789 1095 892 1162 Pater
924 1097 1100 1182 Philippus
1133 1095 1346 1180 Alcariensis,

158 1208 266 1272 sancti
290 1205 462 1272 Francisci
486 1207 709 1272 conventualis
733 1211 766 1273 et
789 1207 994 1291 theologicae
1011 1208 1180 1275 facultatis
1197 1209 1344 1276 decanus

157 1313 358 1399 spectabilis,
382 1337 417 1382 se
442 1319 675 1396 curaturum.¹)

266 1423 476 1503 Praeterea,
500 1445 585 1508 quae
609 1429 793 1490 memoratu
818 1424 919 1508 digna
943 1425 985 1490 ad
1008 1427 1211 1512 posteritatis
1235 1429 1345 1512 cogni·
1365 1392 1413 1448 Μ’
1429 1401 1477 1450 ⁸⁹⁸

158 1535 282 1600 tionem
294 1532 451 1598 adnotavi
461 1533 579 1598 ultima
589 1532 686 1616 plane
702 1533 826 1616 pagina
842 1533 1103 1614 membranacea,
1120 1556 1179 1618 ego
1195 1535 1222 1602 J
1223 1557 1346 1603 oannes

158 1641 331 1722 Trescher,
366 1639 539 1708 Societatis
571 1639 665 1722 deso,
689 1638 895 1707 Graecarum
918 1641 1093 1708 literarum
1116 1643 1151 1708 in
1174 1645 1237 1710 hac
1259 1645 1347 1710 alma

157 1756 275 1814 nostra
300 1750 471 1816 academia
494 1749 660 1834 professor
692 1750 888 1827 ordinarius,
920 1751 983 1815 hoc
1014 1773 1086 1818 meo
1121 1756 1347 1838 procuratoris

158 1857 267 1924 officio
292 1859 442 1942 inscripsi
466 1857 526 1925 hos
550 1857 787 1942 subsequentes
811 1858 885 1924 huic
909 1858 1031 1924 codici:

267 1967 587 2034 Reverendissimum
612 1967 749 2034 Patrem
773 1967 829 2034 Fr.
852 1967 1026 2034 Nicolaum
1050 1968 1266 2036 Laurinovitz
1282 1971 1345 2037 Pc-

156 2076 281 2156 lonum‚
306 2077 412 2142 sancti
436 2075 606 2142 Francisei
629 2077 753 2142 ordinis
777 2076 956 2158 Minorum,
990 2084 1220 2143 sacrosanctae
1252 2079 1345 2145 theo·

156 2184 264 2267 legiae.
297 2183 462 2250 doctorem
496 2189 531 2251 et
563 2191 740 2252 conventus
773 2185 815 2250 ad
849 2191 998 2252 sanctam
1031 2184 1172 2254 Crucem
1196 2186 1345 2272 Viennae
1439 2173 1442 2186 ⁸

156 2297 338 2376 regentem,
363 2294 468 2376 gratis
493 2299 652 2378 tanquam
675 2294 881 2378 religiosum3
1131 2281 1137 2288 ’

267 2401 533 2467 Illustrissimum
559 2403 658 2466 etiam
682 2398 844 2466 Comitem
863 2401 889 2468 J
890 2423 1027 2468 oannem
1044 2402 1198 2488 Drugeth
1215 2402 1256 2468 de
1274 2401 1344 2468 Ho-

156 2531 289 2586 monne,
314 2507 475 2574 Comitem
509 2514 706 2592 perpetuum
740 2509 915 2576 comitatus
948 2510 1049 2593 Ungh
1082 2516 1115 2576 et
1147 2512 1344 2576 serenissimi

156 2617 346 2684 archiducis
378 2615 538 2701 Laopoldi
572 2639 592 2684 a
625 2615 803 2701 cubiculis3
828 2617 921 2684 dedit
943 2641 1043 2684 unum
1067 2617 1269 2702 imperialem
1294 2639 1344 2684 so·

155 2727 279 2807 lidum3
1313 2806 1315 2815 Ι

266 2837 363 2902 Dom.
387 2837 465 2902 item
489 2833 654 2901 Joannem
679 2832 809 2902 Sandor
825 2835 1010 2920 Ungarum‚
1026 2834 1251 2919 philosophiae
1267 2835 1344 2900 hac-

156 2943 357 3026 calaureum‚
381 2966 494 3010 sacrae
518 2942 701 3010 Caesareae
735 2943 927 3026 Majestatis
960 2941 1137 3022 alumnum,
1175 2943 1232 3026 qui
1264 2943 1343 3009 item

156 3053 252 3118 dedit
273 3052 477 3135 imperialem
501 3052 650 3118 solidum.
685 3119 687 3125 ,

265 3159 339 3224 Hos
363 3160 445 3226 duos
468 3159 652 3243 imperiales
676 3157 821 3242 impendi
844 3159 878 3222 in
903 3162 1054 3242 sumptus
1072 3179 1132 3241 pro
1149 3157 1343 3224 celebritate
1390 3211 1468 3269 1625,

155 3265 235 3332 festi
252 3268 394 3332 nationis
410 3269 444 3332 in
468 3268 520 3332 die
543 3269 650 3334 sancti
674 3266 831 3346 Ladislai,
856 3287 995 3349 quorum
1020 3287 1120 3330 unum
1145 3265 1222 3330 dedi
1246 3285 1341 3346 orga—
1368 3275 1429 3340 jan.
1444 3284 1485 3330 27.

155 3375 279 3453 nistae,
294 3373 434 3440 alterum
452 3376 592 3456 musicis,
609 3375 752 3440 medium
776 3373 990 3458 imperialem.
1003 3372 1127 3440 bidello
1151 3377 1184 3436 et
1210 3376 1250 3437 15
1274 3373 1341 3454 kr.;

159 3485 199 3546 15
226 3483 308 3548 item
331 3483 380 3548 hr.
404 3483 621 3548 transferenti
644 3481 836 3548 cathedram
860 3485 893 3546 et
916 3500 1059 3546 scamna.

267 3586 460 3655 Contrihuit
484 3589 527 3654 ad
552 3589 673 3654 festum
697 3589 840 3654 nationis
864 3587 1006 3654 medium
1029 3585 1231 3672 imperialem
1248 3585 1343 3650 Dom.

156 3697 285 3763 Doctor
302 3695 453 3762 Adamus
470 3693 641 3776 Olitorius,
664 3695 806 3762 medium
830 3697 911 3762 item
934 3694 1091 3760 florenum
1114 3694 1152 3758 P.
1176 3693 1342 3760 Henricus

154 3805 393 3887 Lamormaini‚
418 3825 535 3888 regens
559 3803 721 3888 Ungarici
744 3803 1029 3888 archiepiscopalis
1053 3802 1240 3868 alumnatus
1259 3799 1341 3867 Stri-

155 3915 330 3998 goniensis,
346 3914 439 3980 euius
462 3912 613 3978 alumnus
636 3912 680 3978 N.
703 3911 879 3995 Feyrwari,
903 3911 1088 3976 rhetoricae
1112 3909 1255 3994 auditor,
1276 3931 1342 3975 ma-

155 4043 221 4104 gna
238 4021 382 4086 omnium
402 4019 626 4086 satisfactione
646 4019 821 4102 peroravit,
837 4018 954 4100 dignus
971 4017 1133 4082 nominari
1149 4023 1183 4081 et
1198 4017 1341 4084 inscribi.

154 4127 375 4196 Collationem
400 4128 549 4194 exhibuit
572 4129 814 4194 illustrissimus
838 4133 872 4192 et
895 4127 1190 4194 reverendissimus
1214 4126 1341 4192 cancel-

153 4238 260 4304 larius
293 4237 462 4320 llngariae
495 4237 590 4302 Dom.
615 4235 747 4320 Saenay,
771 4235 943 4302 liberalem
967 4237 1113 4320 principe
1137 4236 1269 4319 dignam
1292 4237 1341 4300 in-

154 4353 227 4414 star
242 4347 382 4432 prandii.
401 4347 498 4412 Idem
521 4347 762 4412 illustrissimus
786 4367 914 4412 sacrum
939 4346 1070 4410 solenne
1093 4346 1210 4410 missae
1234 4345 1341 4428 ponti-

266 4525 286 4585 ¹)
308 4527 368 4593 Egy
387 4521 503 4576 hesdbhi
522 4522 571 4576 hez
587 4520 733 4594 jagyzete:
758 4520 887 4590 Reliqua,
908 4538 977 4590 quaa
1002 4521 1055 4574 huc
1081 4523 1214 4590 spectant,
1239 4519 1339 4574 habea-

151 4615 204 4666 tur
232 4627 322 4680 supra
349 4611 399 4680 fol.
418 4613 461 4682 89,
483 4629 514 4666 az
532 4611 662 4668 altalunk
680 4609 762 4666 eldbb
782 4612 926 4666 melldzdtt
945 4610 1111 4681 folytatdsra
1139 4611 1208 4678 utal,
1235 4610 1340 4681 melyet

151 4703 193 4758 itt
212 4701 317 4758 adunk.
412 4748 415 4756 ,
