3296 5328
593 1444 754 1519 Statute
776 1449 995 1532 suppositis
1017 1449 1097 1532 legi
1125 1451 1326 1518 consueta.

881 1650 1018 1660 -ιι--ι-υι.
1029 1651 1035 1658 ι

370 1873 395 1935 l.
421 1871 470 1935 Ut
495 1867 667 1954 quilibet
690 1877 926 1954 procurator
960 1891 1004 1934 ex
1034 1871 1259 1954 juramento
1285 1855 1482 1934 'teneatur
1506 1871 1551 1935 ed

397 1979 629 2044 serrandum
654 1985 808 2046 statuta
832 1987 871 2044 et
894 1979 1025 2062 legere
1051 1981 1167 2044 semel
1192 1981 1228 2044 iu
1254 1979 1530 2064 inritatione¹).

474 2133 595 2220 conr)
620 2139 763 2222 quilibet·
789 2147 984 2224 procurator
1018 2143 1057 2206 de
1090 2162 1171 2206 nove
1204 2140 1327 2205 electus
1360 2163 1398 2204 ex
1424 2147 1550 2206 statute

366 2249 585 2314 universitatis
610 2255 643 2312 et
666 2249 809 2314 nationis
829 2247 992 2329 juraverit
1026 2253 1058 2314 in
1091 2271 1207 2316 manus
1240 2250 1444 2332 precedentis
1478 2272 1550 2334 pro·

361 2357 522 2420 curatoris
547 2377 677 2421 servare
706 2363 832 2422 statuta
866 2365 898 2421 et
932 2358 1152 2424 conclusiones
1185 2359 1328 2448 nationis
1359 2363 1392 2422 et
1426 2353 1546 2424 beuuin

361 2464 503 2530 ciusdem
528 2473 721 2548 possetenus
746 2487 929 2549 procurare.
957 2468 1102 2532 occurrit
1135 2451 1224 2532 aliud
1258 2473 1429 2546 statutum,
1464 2469 1549 2551 quen

361 2573 500 2657 quilibet
524 2579 717 2657 procurator
741 2575 884 2640 nationis
907 2574 1081 2659 Huugarie
1106 2598 1165 2660 pro
1189 2583 1336 2660 tempore
1354 2578 1549 2642 constitutus

361 2683 510 2746 nilminus
535 2683 633 2748 semel
657 2683 690 2746 iu
715 2681 862 2766 quelibet
886 2686 1068 2749 mutacione
1103 2691 1261 2772 teneatur·
1291 2687 1461 2768 supposita
1494 2708 1548 2749 rra-

360 2791 457 2854 tionis
482 2811 681 2872 congregare
707 2793 740 2854 et
764 2791 885 2856 eisdem
910 2797 1037 2856 statuta
1062 2798 1094 2856 et
1118 2793 1339 2858 conclusiones
1368 2793 1548 2876 publicare.

358 2905 456 2979 prout
480 2897 581 2962 lacius
605 2900 792 2963 continetur
817 2899 849 2962 iu
869 2902 1005 2964 statutis
1022 2903 1255 2966 universitatis.
1273 2895 1380 2984 [Hliis
1396 2903 1442 2966 sic
1461 2923 1545 2967 com·
1624 2879 1625 2918 l

359 3001 471 3088 pulsus
495 3011 529 3069 et
552 3007 714 3086 astrictus,
732 3005 972 3071 dominaciones
996 3015 1129 3088 vestrae,
1164 3015 1199 3074 nt
1232 3009 1339 3091 debui,
1372 3012 1546 3076 convocari

357 3111 418 3176 hae
443 3112 524 3177 hora
548 3113 589 3178 ad
613 3113 812 3178 audiendum
837 3113 977 3179 easdem.

446 3395 475 3453 ll.
501 3387 551 3452 Ἠι
576 3389 716 3453 l'esturu
741 3390 872 3455 sancti
898 3391 1002 3472 regis
1026 3389 1206 3454 Ladislni
1232 3384 1466 3454 celebretur

821 3503 858 3563 ct
881 3493 1085 3579 orandun.

469 3655 561 3722 luter
585 3681 666 3740 quas
690 3657 912 3722 cerulusioncs
936 3665 969 3721 et
994 3665 1123 3724 statuto
1140 3659 1352 3740 subsequitur
1368 3658 1441 3737 istu,
1459 3659 1543 3740 qued

357 3769 446 3832 natio
465 3766 639 3848 Hungerie
656 3767 771 3830 saltent
796 3767 895 3842 semel
920 3763 991 3849 iu⁴)
1007 3789 1092 3832 arluc
1116 3767 1213 3832 debet
1238 3766 1404 3830 celebrare
1425 3766 1544 3832 iestuur

357 3874 461 3937 suncti
487 3874 573 3954 regis
598 3873 744 3938 Ladislai
761 3873 978 3956 proximadie
996 3874 1190 3958 precedente
1208 3873 1351 3955 vigiliani
1369 3873 1544 3939 beatorum

355 3981 448 4048 Petri
474 3987 506 4044 ct
531 3980 627 4044 Pauli
651 3979 910 4062 apostoloruml)

359 4137 570 4148 ,ι-ι--ιι-

464 4233 484 4290 ι)
503 4233 535 4280 V.
554 4233 578 4278 ὕ.
599 4229 712 4279 statuta
731 4226 799 4296 orig.
820 4245 900 4296 capp.
921 4236 962 4280 22.
983 4231 1010 4280 es
1031 4236 1082 4294 23„
1096 4228 1204 4296 inelyek
1219 4227 1255 4280 itt
1269 4226 1411 4298 egyesitvo
1425 4228 1543 4281 rennok.
1621 4267 1622 4276 ,

464 4323 484 4377 ²)
502 4323 526 4370 A
555 4319 699 4387 gyfiuyr‘irtl
728 4322 746 4368 (l
776 4317 895 4384 initiale,
924 4319 1053 4387 uielylyel
1082 4335 1146 4372 ezen
1174 4321 1232 4372 re'sz
1252 4317 1396 4383 kezdrldik‚
1417 4336 1433 4372 a
1452 4321 1488 4372 11.
1508 4335 1543 4370 sz.

356 4407 511 4462 leceimilen
530 4407 638 4462 lethale
659 4425 670 4460 s
690 4425 706 4458 a
725 4407 925 4461 Bevezete'shen
945 4407 1120 4462 liezelebbrtil
1140 4425 1194 4462 reu
1217 4409 1360 4463 meltstvn.

465 4505 484 4558 ³)
503 4501 535 4550 V.
556 4503 580 4550 e,
600 4499 714 4550 Stetute
733 4495 802 4566 orig.
826 4515 886 4564 cap.
909 4505 930 4548 1.

464 4593 484 4642 ‘l
503 4591 527 4638 A
546 4583 728 4638 keziratban:
751 4585 778 4638 in
801 4585 838 4640 iu.

464 4682 484 4734 ⁵)
505 4675 624 4729 Kcnrlblri
644 4675 692 4728 keu
713 4675 836 4730 lnltlrisa:
857 4679 896 4728 cst
916 4676 957 4725 5ιο
984 4673 1050 4729 Knl.
1070 4675 1153 4730 Jntn'..
