3334 5322
687 635 765 697 (14⁷1
787 631 834 696 Π.)

275 761 349 849 Ego
380 764 480 844 Mag.
503 764 646 830 Daniel
671 762 717 830 de
745 761 986 844 Oostelecz,
1020 766 1215 845 procurator
1239 764 1351 834 inclite

164 876 314 942 nacionis
337 875 530 958 Hungarice
564 875 709 961 profesto
742 874 832 942 beati
865 873 1066 957 Dolomanni,
1095 874 1186 940 lacta
1218 877 1351 942 racione

163 990 394 1070 perceptorum
427 991 460 1051 et
494 986 714 1069 expositorum
748 1007 858 1052 coram
881 984 1121 1051 venerabilibus
1148 983 1226 1050 viris
1248 977 1348 1068 fMag.

165 1091 294 1160 Thema
317 1095 357 1160 de
380 1093 538 1161 Babolcia
561 1101 594 1161 et
617 1094 707 1178 Mag.
731 1093 902 1160 Anthonie
925 1094 966 1158 de
990 1093 1132 1175 Thatha,
1156 1095 1282 1178 suscepi
1306 1092 1348 1158 ab

165 1204 299 1286 egregio
331 1203 400 1268 viro
433 1202 524 1286 Mag.
548 1201 727 1272 Valentino
760 1203 800 1270 de
829 1202 1107 1284 Wereschmarth,
1141 1201 1349 1268 decretorum

165 1310 352 1376 baccalario
376 1317 410 1377 et
433 1312 588 1377 canonico
612 1312 745 1378 ecclesie
768 1309 1011 1397 strigoniensis,
1029 1315 1047 1376 ὃ
1065 1310 1135 1376 flor.
1154 1312 1188 1375 in
1211 1332 1291 1376 auro
1316 1315 1349 1376 et

163 1423 187 1484 4
211 1441 260 1502 gr.
276 1419 347 1486 den.
365 1419 496 1486 Wienn.
513 1441 585 1486 cum
610 1421 717 1487 tribus
740 1420 844 1502 libris,
867 1442 1006 1505 quorum
1030 1421 1094 1486 duo
1118 1422 1251 1488 nomina
1274 1443 1349 1506 sup-

167 1529 352 1614 positorum
376 1528 597 1611 continebant
621 1534 744 1595 tercius
767 1525 947 1594 historiam
962 1526 1052 1594 beati
1084 1529 1170 1612 regis
1193 1529 1349 1610 Ladislai,

166 1643 200 1702 et
232 1635 345 1702 ladula
378 1658 417 1702 sc
448 1657 557 1720 panno
590 1637 747 1718 funerali3
770 1635 904 1704 candele
927 1659 1057 1722 quoquc
1091 1643 1142 1718 32,
1166 1641 1350 1722 quarum4

165 1745 306 1810 maiores
322 1749 356 1811 et
373 1749 415 1810 28
438 1746 589 1829 minores,
614 1752 693 1830 aput
717 1745 838 1812 fratres
863 1743 1093 1832 Predicatores
1117 1746 1196 1812 ciste
1218 1745 1350 1828 incluse,

164 1851 247 1920 mihi
270 1853 393 1922 tradite
416 1858 502 1944 sunt.

696 1963 776 2024 (1472
796 1962 830 2024 Ι.)

275 2087 348 2174 Ego
381 2087 480 2173 Mag.
504 2088 768 2172 Hyeronimus
792 2088 836 2154 de
859 2085 1021 2170 Corona,
1045 2094 1145 2174 capta
1167 2090 1295 2154 ratione
1317 2090 1351 2155 in

163 2199 338 2283 presencia
353 2197 587 2264 venerabilium
611 2219 650 2263 ac
673 2195 926 2264 scientifieorum
942 2197 1085 2264 virorum
1110 2197 1351 2281 Magistrorum

164 2305 327 2391 Stephani
351 2305 463 2371 Turck
486 2327 525 2372 ac
557 2305 687 2372 Nicolai
712 2304 752 2371 de
781 2303 920 2389 Oorona,
953 2305 995 2371 ab
1028 2305 1258 2372 dissertissimo
1281 2307 1351 2372 viro

162 2415 260 2498 Mag.
281 2413 421 2480 Daniele
443 2413 574 2498 percepi
599 2418 618 2478 5
643 2413 713 2478 flor.
729 2413 957 2496 Ungericalm,
983 2417 1047 2479 100
1071 2413 1142 2480 den.
1158 2413 1298 2498 Wyenn.
1318 2422 1351 2482 et

167 2515 337 2608 ultien]
369 2523 501 2588 nomine
534 2523 762 2608 procuratorio
795 2523 906 2589 inclite
930 2523 1077 2589 nacionis
1100 2521 1294 2606 Hungarice
1318 2528 1352 2588 et

162 2638 236 2698 tres
268 2631 369 2697 libros
402 2636 575 2697 consuetos
598 2651 636 2696 ac
659 2637 770 2697 cetera
793 2631 836 2696 ad
868 2632 1038 2698 necionem
1067 2630 1257 2712 attinenoia‚
1280 2631 1351 2715 ipso

161 2741 221 2807 die
246 2737 380 2823 Georgii
403 2739 550 2804 martiris
574 2759 659 2804 anno
683 2740 921 2824 septuagesimo
944 2739 1094 2805 secundo.
1400 2737 1477 2795 1472,

275 2847 437 2930 Exposita
460 2867 520 2931 pre
544 2846 743 2912 comoditate
768 2846 932 2912 nacionis:
947 2847 1035 2912 Dedi
1058 2849 1092 2912 in
1115 2845 1223 2912 officio
1246 2847 1351 2912 sancti
1378 2805 1438 2872 ἐφ’
1452 2809 1494 2854 24'

161 2958 254 3040 regis
286 2955 434 3021 Ladislai
466 2953 603 3037 pedellis
625 2957 647 3018 4
671 2975 720 3037 gr.
757 2953 845 3020 Item
878 2976 937 3039 pro
970 2954 1180 3020 intimacione
1208 2953 1352 3019 eiusdem
1383 2953 1476 3030 ,¹4⁷2

162 3065 267 3132 officii
296 3062 451 3146 scriptori
475 3066 495 3126 2
520 3083 568 3144 gr.
605 3061 693 3127 Item
720 3057 761 3146 ΙΙ,
784 3062 857 3128 libr.
882 3055 1052 3128 iratribus*
1075 3061 1352 3128 Predicatoribus.
1377 3035 1438 3084 Jun.
1452 3026 1494 3071 ²⁷⁸

161 3173 257 3239 Item
280 3192 340 3256 pro
364 3189 512 3234 sermone
535 3169 625 3235 facto
644 3163 684 3252 ¹)2
701 3168 774 3234 libr.
797 3169 884 3234 Item
908 3191 967 3254 pro
991 3170 1063 3235 aliis
1086 3167 1352 3234 intimationibus

162 3280 295 3347 duabus
320 3286 339 3346 2
364 3299 411 3362 gr.
434 3278 523 3342 Item
546 3299 606 3362 pro
631 3278 776 3361 exequiis
799 3278 1043 3362 suppositorum
1068 3282 1086 3342 3
1112 3276 1169 3342 sol.
1193 3276 1352 3343 fratribus

161 3381 474 3468 Predicatoribus.¹)

688 3494 768 3555 (lars
789 3493 837 3552 Π.)

276 3615 349 3704 Ego
383 3619 491 3704 Mag.
515 3617 740 3691 Albertus
763 3621 811 3686 de
834 3618 1118 3703 Albaregali,
1150 3619 1353 3686 baccalarius

162 3752 259 3798 sacre
284 3729 449 3812 theologie
472 3729 713 3813 canonicusque
738 3729 947 3794 ecclesiarum
972 3727 1159 3795 Dolocensis
1177 3733 1211 3794 et
1226 3727 1352 3795 Alben-

162 3841 221 3920 sin,
245 3843 442 3924 procurator
465 3837 579 3903 inclite
602 3838 748 3904 nacionis
773 3836 945 3922 Hungarie
968 3837 1112 3921 profesto
1146 3837 1237 3904 beati
1260 3835 1354 3904 Dolo·
1382 3819 1495 3939 ffl’z

162 3948 257 4014 mani
276 3947 432 4027 martiris,
449 3945 540 4011 facta
555 3948 686 4012 racione
710 3951 938 4030 perceptorum
955 3951 988 4012 et
1004 3947 1226 4030 expositorum
1243 3967 1352 4012 coram

162 4053 411 4121 venerabilibus
433 4053 513 4118 viris
545 4053 683 4120 Nicolao
708 4055 747 4120 de
772 4053 903 4120 Oorona
936 4063 969 4121 et
1001 4054 1153 4122 Emerico
1177 4053 1218 4119 de
1242 4053 1354 4136 Pesth,

164 4163 296 4228 arcium
333 4159 518 4228 liberalium
558 4163 732 4246 magistris,
764 4162 892 4246 suscepi
924 4161 966 4228 ab
999 4162 1129 4244 egregio
1161 4161 1231 4226 viro
1264 4161 1355 4243 Mag.

280 4341 299 4402 ι)
318 4339 359 4390 Itt
378 4355 431 4410 egy
443 4343 544 4394 tirason
562 4339 673 4394 maradt
690 4338 792 4409 helyen
810 4338 919 4410 megint
936 4342 982 4392 Fr.
995 4336 1355 4410 Vincentius-Andronicus

162 4427 222 4481 egy
239 4409 403 4480 bejegyzose
421 4411 599 4468 ktvetlrezik:

280 4483 362 4536 Anno
375 4481 496 4538 Domini
515 4483 595 4551 1560,
614 4481 647 4536 in
663 4482 738 4550 festo
756 4481 815 4536 diei
835 4481 987 4550 Colomani,
1000 4481 1105 4537 electas
1122 4479 1170 4550 sni
1188 4495 1236 4550 epo
1249 4479 1356 4535 Frater

170 4553 340 4610 Vincentius
352 4553 534 4608 Andronicus
545 4553 746 4625 Traanicnsis
756 4552 896 4610 Dalmata
909 4553 1020 4610 ordinis
1029 4553 1242 4622 praedicatorii,
1256 4569 1356 4608 sacrae

163 4625 303 4697 theolopic
323 4629 406 4694 atque
420 4626 615 4696 philosophiae
633 4627 736 4694 doctor,
748 4627 781 4681 in
795 4631 1012 4696 procuratorem
1025 4623 1210 4696 Hnnparicac
1228 4625 1355 4686 nationis

164 4702 194 4754 ct
212 4697 261 4770 fni
281 4713 425 4756 successor
445 4699 530 4758 Dom.
549 4699 682 4759 Doctoris
701 4699 789 4760 Parti
808 4697 947 4770 Fabricii,
968 4697 1160 4754 mathematici
1179 4697 1262 4768 repit.
