3296 5328
1320 373 1335 430 7

150 563 200 626 vel
224 563 333 628 subire
358 585 471 646 penam
496 589 516 631 a
540 567 705 650 deputatis
731 568 808 650 ipsis
829 567 1047 650 infligendam.
1069 559 1247 651 [Sbcundo
1264 591 1337 630 ‹nn-

149 675 276 742 elusum
301 676 363 742 fuit
387 699 425 741 eo
448 685 535 760 tunc,
559 687 597 746 ut
629 682 778 765 deputati
811 681 996 747 discernere
1030 683 1186 750 deberent
1218 700 1333 767 lienam

149 791 329 857 eorundem
354 813 392 858 ac
415 791 554 859 illorum.
571 794 625 876 qui
642 814 757 876 parere
772 791 889 858 nolunt
905 793 1059 858 mandato
1078 798 1337 878 procuratorum.

149 897 314 984 Deputati
338 900 472 966 fuerunt
495 901 585 984 Mag.
609 901 779 967 Johannes
804 898 941 986 Syvvart,
965 925 1056 968 sacre
1080 902 1240 986 theologie
1265 926 1340 986 pro

149 1005 371 1094 fessor,'Mag.
387 1007 582 1076 Cristannus
598 1010 638 1075 de
655 1007 761 1075 Grocz
780 1005 806 1091 ¹)
823 1016 856 1074 et
872 1011 961 1094 Mag.
978 1011 1123 1077 Thomas
1140 1011 1264 1091 Zakan,
1282 1012 1339 1076 do⁶

149 1117 259 1180 minus
284 1116 442 1201 plebanus
466 1117 507 1182 do
531 1117 649 1202 Nyssa,
674 1123 707 1182 et
732 1117 821 1200 Mag.
845 1115 986 1184 Georius
1010 1119 1050 1184 de
1074 1118 1242 1199 Iarrbelavv,
1263 1140 1338 1204 pro·

149 1229 230 1288 tunc
253 1229 457 1308 procurator.

152 1445 203 1506 11.
228 1442 282 1508 Ut
314 1445 519 1526 supposita
543 1443 799 1509 solicitentur
833 1444 881 1508 ad
914 1445 1210 1524 intitulandum,
1234 1446 1337 1510 simi-

242 1551 338 1616 liter
361 1551 407 1616 ad
432 1551 689 1618 obediendum
715 1551 912 1618 mandatis
937 1559 1248 1636 procuratorum.

159 1727 161 1730 -
259 1683 418 1769 lleputati
444 1689 658 1770 suprascripti
684 1710 741 1771 pro
765 1687 850 1752 bono
874 1688 964 1771 pacis
988 1693 1021 1752 et
1046 1687 1165 1769 quietis
1198 1693 1337 1770 protunc

148 1793 275 1858 nullam
299 1813 416 1876 penam
440 1800 671 1876 expresserunt
695 1793 816 1858 talibus
841 1794 1005 1877 premissis
1029 1793 1246 1876 infligendam,
1281 1795 1337 1860 sed

149 1903 287 1986 placuit,
311 1908 348 1966 ut
371 1901 465 1966 fieret
488 1903 651 1968 intimatio
676 1925 735 1987 per
760 1909 1014 1986 procuratorem,
1038 1923 1104 1986 qua
1122 1903 1205 1967 tales
1223 1903 1337 1968 exhor-

149 2018 304 2077 tarentur
337 2013 491 2076 seriosius
524 2013 564 2078 ad
598 2013 842 2077 intitulandum.
875 2009 1035 2076 Similiter
1068 2010 1108 2074 de
1141 2033 1223 2094 pena
1248 2033 1337 2074 man·

149 2119 268 2184 datum
293 2122 515 2204 procuratoris
539 2142 602 2185 non
628 2119 866 2185 adverteneium
896 2121 965 2202 ipso
998 2119 1092 2183 nardo
1126 2118 1337 2183 decreverunt

150 2229 220 2292 fore
245 2229 440 2294 faciendum.

153 2449 204 2510 12.
239 2446 291 2511 th
324 2447 526 2530 supposita
560 2443 826 2508 adhortantur
855 2448 892 2506 et
919 2441 1160 2506 inducantur
1184 2441 1230 2505 ad
1255 2461 1337 2524 pro-

453 2551 665 2618 curandum
689 2550 826 2615 bonum
852 2549 1032 2613 virationis.

259 2695 395 2764 Placuit
418 2698 538 2764 eisdem
564 2697 737 2781 deputatio,
762 2703 799 2761 ut
823 2694 1056 2759 inscriberetur
1072 2693 1114 2756 ud
1131 2693 1336 2757 matriculam

150 2807 265 2884 forma,
290 2827 354 2888 qua
380 2807 545 2889 supposita
571 2810 837 2869 ammonerentm·
862 2809 893 2867 et
924 2802 1156 2868 inducerentur
1173 2803 1224 2884 pie
1242 2804 1269 2882 ²)
1294 2800 1336 2865 ad

150 2913 394 2997 procurandum
418 2915 450 2978 in
474 2913 572 2977 licitis
597 2921 631 2977 et
654 2913 796 2977 honestis
820 2911 939 2976 bormm
964 2910 1105 2974 nationis
1129 2915 1162 2972 et
1186 2909 1245 2974 hoc
1275 2909 1335 2974 sub

150 3023 236 3086 bona
261 3022 325 3086 fide
350 3029 382 3086 et
406 3022 577 3107 presertim
601 3021 714 3086 balnto
738 3025 887 3104 respectu
906 3019 946 3082 ad
965 3018 1084 3081 bimam
1105 3017 1335 3080 universitatis.

175 3241 224 3302 13.
250 3237 303 3301 Ut
326 3237 505 3302 convivia
530 3243 565 3298 et
590 3234 865 3300 eoiiventienls
890 3257 960 3296 riou
987 3233 1087 3296 fiant
1120 3235 1313 3298 ministris

465 3344 501 3407 in
526 3341 824 3407 festivitatibus
853 3343 1022 3424 patroni.

258 3473 353 3542 Anno
387 3475 510 3541 domini
548 3481 641 3556 1419,
674 3476 738 3541 14¹⁸
768 3477 819 3540 die
853 3477 944 3543 Maii.
971 3475 1058 3538 facta
1082 3475 1335 3556 cvmgregaticne
1382 3484 1474 3536 fonsa

147 3587 301 3664 nationis,
326 3587 436 3650 asstitit
460 3583 646 3649 conclusum
672 3584 851 3660 incudem,
884 3589 1045 3665 classatellus
1079 3583 1172 3646 sicuti
1197 3581 1335 3646 aliarum
1364 3565 1486 3692 nisijiiis.

146 3696 318 3760 nationum
347 3699 576 3778 procuratores
610 3693 642 3756 in
675 3693 817 3776 ipsorum
852 3690 1088 3754 festivitatibus
1121 3696 1335 3772 patronorum

146 3801 374 3867 conventicula
399 3808 457 3868 ant
487 3802 630 3866 convivia
665 3800 839 3872 monachis,
868 3799 1033 3876 cluaniste.
1067 3821 1121 3862 sen
1154 3796 1228 3860 aliis
1261 3819 1335 3860 eon-

145 3909 359 3976 enrreutibus
383 3915 441 3973 aut
464 3908 677 3974 servientibus
706 3909 739 3972 in
764 3907 884 3972 eisdem
914 3905 1155 3984 festivitatibus,
1188 3905 1335 3986 expensis

145 4019 194 4084 vel
219 4017 293 4082 aliis
317 4015 413 4081 rebus
438 4038 570 4082 suarum
594 4017 762 4080 natiomnn
787 4037 846 4098 pro
879 4014 984 4100 salute
1018 4035 1056 4077 ac
1090 4011 1232 4076 remedio
1265 4013 1334 4074 atrii-

144 4147 274 4192 inarum
309 4124 451 4190 collectis
485 4147 548 4188 nim
583 4124 697 4202 solent,
733 4125 795 4188 uisi
829 4121 970 4204 propriis
1003 4141 1041 4184 ea
1064 4121 1255 4202 optaverint,
1280 4140 1332 4182 ex-

145 4233 271 4318 pedire,
297 4235 344 4297 ita
368 4255 425 4297 nec
450 4239 644 4317 procurator
666 4237 778 4296 nostre
807 4230 948 4294 nationis
983 4228 1022 4290 de
1056 4227 1147 4291 lamis
1179 4227 1332 4294 eiusdem.

143 4344 206 4406 nisi
231 4343 367 4426 propria
390 4363 450 4405 sua
474 4349 561 4405 sorte
586 4341 715 4420 faceret,
740 4337 860 4404 debeat
885 4335 1058 4400 celebrare.

147 4479 359 4494 m

256 4557 276 4614 ¹)
296 4551 385 4606 Gracc
403 4553 520 4622 halyett.

256 4650 277 4712 ὲ)
295 4645 424 4700 Ke'zirat:
441 4662 503 4714 ppo.
