3296 5328
394 443 432 504 14

386 638 457 702 doru
483 662 522 704 ac
547 637 702 702 honorem
726 635 982 719 cunctipotentis
1007 633 1067 700 Dei
1093 655 1217 699 necnon
1241 655 1300 718 pro
1324 631 1429 698 saluto
1464 657 1498 697 uc
1521 655 1565 697 rr¹

386 749 521 830 sugerio
555 749 698 812 omnium
731 748 913 810 animarum
937 747 971 809 in
996 745 1177 829 purgatorii
1206 767 1337 808 carcere
1359 745 1558 812 detentarum.

385 854 570 939 specialiter
602 857 711 920 tamen
736 855 976 936 suppositorum
1000 851 1126 937 prefate
1150 853 1276 916 nationi
1293 855 1556 936 incorporatorum

387 961 525 1028 ubilibet
548 962 779 1026 defunctorum
803 961 920 1026 devote
943 960 1175 1026 decantandae.

385 1185 415 1244 6.
439 1177 492 1242 L't
516 1180 723 1261 supposita
747 1177 939 1242 intersint
962 1177 1141 1260 exequiis
1169 1176 1369 1240 intitulati
1398 1177 1559 1243 defuncti

803 1285 856 1350 ad
879 1285 1145 1365 nationem¹)

490 1425 647 1496 Distante
679 1431 806 1494 ratione
839 1437 873 1494 et
904 1431 1029 1512 pietate
1061 1428 1309 1494 misericordiali
1342 1437 1502 1514 poscente,
1530 1441 1560 1496 ut

383 1538 487 1604 fratre
510 1545 640 1608 mortuo
656 1539 757 1603 ceteri
774 1539 842 1602 eius
859 1538 1040 1604 confratres
1064 1538 1250 1603 humaniter
1265 1539 1327 1604 sibi
1343 1541 1558 1624 compacieudo

382 1667 496 1731 preces
521 1645 709 1710 salutiferas
732 1667 792 1728 pro
808 1667 846 1710 eo
863 1646 1010 1729 dirigant
1025 1645 1069 1710 ad
1085 1645 1270 1728 Dominum,
1286 1649 1376 1712 venie
1393 1669 1431 1711 ac
1447 1649 1560 1712 miseri-

382 1755 492 1820 cordie
523 1756 723 1838 largitorem
756 1755 972 1834 statuimus!
1007 1754 1084 1820 dum
1117 1756 1347 1838 cuiuscumque
1381 1763 1489 1821 status
1518 1756 1559 1820 rel

382 1864 580 1930 condicionis
612 1865 817 1948 suppositum
852 1863 1023 1928 matricule
1062 1864 1203 1928 nationis
1245 1865 1446 1954 inscriptum,
1485 1865 1558 1929 diem

382 1994 476 2036 suum
509 1972 665 2036 clauserit
704 1978 896 2052 extremum,
930 1977 1002 2036 tuta
1034 1971 1124 2036 natio
1156 1973 1378 2054 procuratoris
1417 1971 1559 2036 mandato

381 2078 588 2144 convocanda
620 2073 774 2162 exequiai
807 2099 963 2162 peragere
987 2100 1061 2142 cum
1085 2077 1367 2161 solempnitatibus
1396 2080 1560 2144 communi·

269 2253 273 2258 ,
382 2186 444 2251 bus
467 2193 501 2250 et
522 2187 690 2251 consuetis
713 2183 810 2251 debet
834 2193 867 2250 et
891 2193 1023 2250 tenetur
1033 2189 1070 2266 ²).

599 2389 627 2448 7.
652 2383 708 2448 De
728 2384 955 2466 juramento
984 2385 1366 2467 intitulandor·nur³).

490 2521 691 2592 Intitulandi
702 2529 875 2593 matricnle
891 2529 1033 2594 nationis
1043 2530 1233 2613 Hungarice
1250 2528 1292 2593 ad
1308 2529 1413 2592 instar
1428 2528 1556 2592 aliarum

382 2635 551 2699 nationum
572 2635 686 2718 jurent
708 2637 743 2700 in
765 2657 882 2703 manus
897 2640 1120 2722 procuratoris
1144 2659 1204 2722 pro
1227 2647 1371 2720 tempore
1391 2635 1558 2702 constituti.

383 2741 471 2824 quod
494 2741 594 2806 reliut
617 2741 679 2807 sibi
704 2744 737 2805 iu
761 2742 859 2810 licitis
883 2755 917 2810 et
939 2745 1086 2810 honestis
1110 2745 1244 2810 obedire
1255 2741 1293 2826 ⁴).

552 2946 581 3004 8.
605 2941 661 3005 De
685 2947 779 3006 tura
802 2943 1137 3009 intitulaudorum
1162 2943 1391 3020 solvendae.

488 3081 627 3169 Exque
660 3090 750 3152 natio
784 3091 816 3154 in
850 3093 1022 3174 supperins
1046 3091 1142 3156 dietis
1165 3089 1410 3156 solennitatibus
1434 3095 1465 3152 et
1489 3087 1558 3150 aliis

381 3216 454 3258 cnm
477 3195 708 3260 necessitatem
732 3205 801 3260 tum
826 3199 1083 3281 oportunitatem
1108 3205 1176 3262 tum
1201 3199 1404 3263 honestatem
1435 3215 1557 3259 concer-

381 3303 534 3368 nentibus
558 3303 684 3388 indiget
708 3307 865 3388 expensis,
889 3313 926 3371 ut
950 3305 1071 3390 puta⁶)
1095 3329 1155 3390 pro
1178 3306 1320 3372 candelis
1339 3303 1399 3370 sub
1420 3301 1557 3384 exequiis

381 3419 591 3492 mortuorum,
614 3437 673 3496 pro
697 3415 959 3480 cerimonialibus
984 3418 1167 3499 ceterisque
1191 3395 1420 3497 requisitique
1437 3411 1468 3475 id
1495 3415 1555 3472 stu·

381 3525 489 3582 tutum
513 3527 573 3600 est,
595 3520 682 3602 quod
706 3521 844 3604 quilibet
866 3522 1000 3586 scolaris
1024 3524 1148 3590 nationi
1167 3519 1419 3606 incorporandus
1435 3539 1490 3582 seu
1514 3517 1554 3580 iu·

381 3628 570 3692 scribendus
594 3629 673 3694 dare
697 3629 794 3694 debet
817 3639 959 3714 quatuor
994 3631 1144 3696 denarios
1168 3629 1381 3695 Wiennenses
1404 3627 1557 3692 artusinus.

382 3735 585 3802 baccalarius
627 3759 728 3802 unum
767 3761 925 3820 grossum.
964 3743 1119 3821 magister
1152 3760 1228 3805 rero
1270 3739 1348 3804 dnos
1386 3727 1556 3820 grossosl).

492 3918 510 3974 ¹)
529 3917 561 3965 V.
581 3919 605 3966 ὁ,
625 3917 737 3967 statuta
756 3914 826 3985 orig.
845 3933 906 3984 cap.
927 3924 959 3982 2;
979 3935 1039 3970 erre
1059 3918 1119 3970 nial
1139 3934 1191 3988 egr
1209 3913 1324 3969 ke'sdbbi
1341 3915 1448 3984 jegyzer
1465 3927 1482 3961 a
1502 3907 1554 3974 lap·

382 3999 486 4052 sulen:
512 4001 578 4054 l'idr
596 4019 686 4070 supra
708 4004 749 4054 ὅθ’)
771 4003 884 4073 [solioJ.

489 4097 509 4149 ¹)
528 4091 656 4144 Kczirat:
676 4077 796 4146 rudtur.
808 4127 844 4135 -
853 4081 975 4150 Karbai
985 4096 1034 4149 lrdz
1045 4114 1061 4149 a
1071 4097 1224 4165 lupszdlen:
1239 4093 1296 4150 Nec
1305 4109 1360 4146 aon
1368 4093 1499 4158 parentes
1511 4091 1554 4142 89-

488 4188 509 4239 ⁸)
527 4186 559 4233 V.
578 4188 603 4233 ὅ.
623 4187 736 4237 statuta
755 4185 824 4255 orig.
845 4204 903 4254 cap.
932 4197 972 4240 19.

489 4275 509 4330 ⁴)
528 4272 649 4326 Kc'sdbbi
669 4275 718 4328 hez
737 4276 846 4330 toldasa
857 4298 867 4354 :¹
883 4277 940 4332 Sub
956 4297 1032 4347 penu
1051 4297 1160 4348 seraper
1178 4281 1308 4349 superius
1326 4293 1460 4348 cupressu.

489 4365 509 4420 ⁸)
528 4366 560 4414 V.
579 4368 604 4413 ti.
623 4367 736 4417 statuta
764 4366 833 4436 orig.
854 4385 914 4436 cap.
936 4381 959 4423 3.
979 4375 1048 4423 Erre
1068 4371 1127 4424 utal
1147 4387 1200 4440 egy
1219 4369 1331 4424 kesdbbi
1354 4365 1553 4437 megiegpzesa

383 4445 428 4514 lap
448 4449 552 4502 ezeleu:
579 4450 646 4504 Vide
664 4469 752 4521 supra
771 4456 938 4525 510[solto].
964 4459 1031 4512 l'idr
1049 4460 1131 4527 infra
1151 4459 1189 4528 fo.
1210 4459 1270 4513 109.

490 4547 511 4595 ⁸)
529 4541 658 4594 Kezirat:
678 4547 709 4596 ur
727 4549 801 4612 pute

490 4633 511 4685 'l
533 4637 557 4683 A
571 4633 673 4684 kesdhh
689 4637 898 4706 megallapitott
909 4638 981 4704 dijat
996 4659 1011 4692 a
1026 4657 1070 4692 sor
1084 4640 1167 4693 reiut
1181 4643 1208 4694 e's
1228 4659 1244 4693 a
1264 4640 1308 4708 lap
1321 4639 1408 4692 szelen
1417 4654 1465 4706 egy
1478 4653 1551 4705 meg-

381 4717 490 4784 jugyzu-
504 4719 550 4788 igr
565 4721 662 4775 hozzu:
683 4741 758 4778 nitur
778 4731 797 4782 2
817 4730 925 4799 criu-if„
946 4733 964 4783 l
983 4731 1093 4800 crucifi,
1112 4735 1131 4784 8
1150 4730 1259 4800 crucifi,
1283 4727 1390 4785 Nubilis
1412 4729 1441 4778 15
1454 4725 1550 4794 criu-if.
