3330 5324
139 602 237 670 Deru.
261 604 460 675 Clementem
485 607 638 694 Ooppitzp
655 612 853 678 cathedralis
876 614 1029 678 ecclesiae
1049 617 1153 681 sancti
1171 615 1330 700 Stephani

137 717 342 782 canonicum.
374 718 595 804 philosophiae
629 721 791 786 doctorem
827 729 859 786 ct
892 731 1117 790 sacrosanctae
1147 725 1330 808 theologiae

138 821 393 890 baccalaureum
417 833 476 891 etc.

248 956 327 1019 Post
352 956 432 1020 duos
456 957 542 1020 forte
565 977 690 1022 menses
713 959 754 1023 ab
779 959 987 1025 innovatione
1017 959 1230 1042 magistratus
1254 982 1329 1024 aca-

136 1063 257 1127 lremiei
281 1064 489 1147 congregatio
512 1065 715 1160 dominorum
734 1067 773 1131 de
790 1069 921 1133 natione
938 1089 995 1152 per
1012 1090 1062 1132 mc
1078 1069 1234 1133 instituta
1249 1069 1328 1132 fuit-

134 1170 292 1236 Aderant
314 1181 383 1236 tum
400 1173 595 1239 reverendus
611 1173 648 1238 P.
665 1174 833 1240 Martinus
859 1155 1004 1260 llleltzig,
1029 1175 1215 1242 Societatus
1234 1175 1259 1240 J
1262 1197 1328 1255 esu,

133 1287 363 1344 sacrosanctae
396 1281 578 1362 theologiae
610 1281 723 1346 doctor
746 1284 964 1365 etproiessor
998 1284 1183 1350 ordinarius
1208 1285 1327 1349 nobilis

134 1393 172 1448 et
197 1387 388 1470 magnificus
420 1389 513 1452 llom.
546 1390 706 1454 Adamus¹
722 1388 890 1470 Olitorius‚
926 1393 1145 1474 philosophiae
1169 1399 1201 1456 et
1227 1392 1327 1456 medi-

134 1494 232 1559 cinae
257 1495 369 1559 doctor
393 1517 431 1560 ac
454 1497 616 1580 professor
644 1498 822 1564 medicinae
845 1499 1021 1582 primarius
1045 1507 1113 1580 eta,
1148 1500 1265 1565 nobilis
1294 1508 1327 1564 et

133 1603 427 1668 excellentissimus
460 1605 552 1669 Dum.
586 1603 786 1670 Godelridus
820 1605 1074 1689 Haclrelberger‚
1102 1607 1324 1692 philosophiae

133 1720 171 1775 et
189 1713 367 1776 medicinae
384 1713 505 1791 doctor,
527 1714 720 1778 reverendus
737 1715 772 1779 P.
789 1713 936 1779 loannes
953 1715 1121 1794 Treseher,
1149 1714 1324 1780 Societatis

133 1819 229 1894 «lesu,
246 1819 450 1886 Graecarum
475 1823 644 1887 literarum
671 1823 840 1908 professor,
857 1831 890 1888 et
907 1823 947 1888 de
962 1825 1173 1908 sequentibus
1193 1825 1324 1908 punctis

137 1935 352 1994 conventum:
413 1933 415 1940 ’
1330 1929 1336 1936 ’

250 2047 281 2104 1⁰
312 2041 360 2108 Ut
377 2051 569 2126 procurator
586 2045 728 2110 nationis
744 2043 875 2106 omnino
891 2044 1041 2126 inquirat
1067 2043 1107 2107 de
1125 2043 1225 2110 bursa
1242 2040 1324 2108 Silc-

134 2151 235 2215 sitica
252 2159 285 2214 et
299 2151 367 2214 eius
383 2151 562 2234 stipendiis,
586 2173 626 2216 an
644 2153 742 2235 juxta
758 2159 898 2216 mentem
915 2151 1100 2215 fundatoris
1118 2149 1274 2216 fruantur
1290 2151 1324 2226 ii,

134 2262 296 2340 quisunt
321 2260 360 2323 de
384 2259 444 2324 hac
468 2261 608 2323 natione.
634 2260 793 2342 inquisivi
818 2279 876 2341 ego
901 2269 939 2323 nt
962 2259 1054 2342 potui
1079 2267 1111 2322 et
1135 2258 1225 2322 aliud
1244 2257 1320 2322 hac·

134 2373 235 2430 tenus
267 2367 451 2449 intelligere
484 2389 547 2432 non
580 2369 681 2450 potui,
715 2389 812 2450 qnam
847 2367 934 2450 quod
966 2368 1035 2432 eius
1069 2368 1184 2432 bursae
1209 2387 1321 2448 super-

131 2475 309 2538 intendens
342 2475 385 2538 sit
418 2475 535 2540 nobilis
560 2481 592 2538 et
616 2475 814 2540 clarissimus
839 2475 932 2568 Dom.
957 2475 1149 2540 Matthaeus
1174 2473 1318 2555 Sengler,

130 2581 216 2664 juris
247 2582 418 2664 utriusque
442 2582 564 2661 doctor,
596 2585 708 2665 quiin
734 2584 925 2666 procuracia
949 2583 1009 2646 hac
1034 2603 1105 2648 mea
1128 2583 1320 2666 plerumque

132 2689 245 2755 abfuit
268 2691 310 2754 ab
336 2690 426 2755 urbe.
443 2691 534 2774 Rogo
553 2711 610 2774 ego
627 2691 720 2754 enixe
737 2692 902 2755 dominum
920 2681 1133 2755 successorem
1151 2711 1272 2770 meum,
1284 2697 1321 2754 ut

130 2819 192 2879 pro
217 2798 301 2861 bono
327 2799 468 2863 nationis
496 2799 628 2864 insistat
659 2799 808 2864 ulteriori
841 2799 1054 2881 inquisitioni.
1087 2805 1167 2882 quot
1200 2806 1232 2862 et
1264 2799 1320 2880 qui

131 2906 292 2970 fruantur
316 2907 487 2988 stipendiis
512 2907 654 2972 bursae?
687 2929 728 2972 an
754 2907 935 2980 Silesiticae
958 2909 1025 2970 sint
1049 2905 1216 2970 nationis?
1247 2927 1318 2970 cum

133 3037 199 3078 non
225 3015 334 3078 desint
358 3017 489 3079 iuvenes
521 3016 645 3098 optimi,
679 3017 743 3078 imo
766 3015 806 3078 ob
831 3013 926 3078 fidem
951 3013 1144 3078 catholicam
1169 3037 1187 3077 a
1211 3017 1321 3097 patria

133 3131 284 3187 extorres
301 3120 417 3200 Silesii,
429 3123 548 3205 quihus
558 3123 659 3206 possit
671 3123 729 3186 hoc
741 3123 862 3186 auxilio
872 3122 1020 3204 prospici,
1036 3123 1100 3185 imo
1112 3123 1166 3204 qui
1179 3122 1320 3186 debeant

131 3231 257 3294 directe
291 3230 467 3294 secundum
501 3230 687 3294 fundatoris
722 3237 860 3292 arentem
895 3251 973 3312 prae
997 3230 1135 3293 caeteris
1159 3229 1318 3294 adiuvari.

242 3362 275 3422 2⁰
294 3355 339 3420 Ut
355 3357 511 3440 optimam
532 3357 791 3420 excellentissimi
811 3354 903 3418 Dum.
932 3353 1084 3418 Doctoris
1101 3354 1225 3418 Adami
1249 3352 1317 3418 Oli-

130 3466 207 3528 tor'ii
234 3470 374 3528 urentem
391 3471 424 3528 et
440 3465 640 3529 voluntatem
665 3464 705 3527 de
729 3463 812 3527 libro
838 3463 980 3526 nationis
1005 3484 1086 3526 novo
1110 3461 1317 3540 conficienda

128 3573 319 3636 studeamus
352 3593 479 3654 semper
510 3573 649 3656 amplius
681 3579 780 3654 atque
810 3571 949 3653 amplius
974 3591 1168 3654 promovere.
1203 3573 1317 3653 Atque

128 3687 168 3744 ut
191 3686 394 3744 statutorum
423 3679 649 3762 compendium
673 3681 770 3743 breve
794 3679 889 3742 initio
913 3677 990 3742 libri
1013 3679 1224 3762 praefigatur.
1260 3679 1315 3761 qui

127 3789 214 3854 liber
238 3789 388 3871 deinceps
412 3809 475 3852 non
500 3789 602 3852 solum
627 3788 845 3852 studiosorum
864 3789 896 3851 iu
914 3788 1082 3870 quibusvis
1102 3785 1316 3852 facultatibus

128 3905 260 3962 nostrae
291 3899 434 3962 nationis
467 3899 597 3962 nomina
629 3899 773 3980 recipiat,
806 3897 861 3962 sed
886 3904 919 3960 ct
943 3905 980 3960 ut
1004 3896 1031 3960 is
1055 3895 1258 3979 principibus
1283 3901 1315 3957 et

127 4005 339 4070 nobilissimis
363 4005 435 4069 aliis
460 4005 537 4070 viris
562 4007 601 4069 de
617 4007 677 4070 hac
694 4005 817 4089 inclyta
833 4005 974 4084 natione,
992 4005 1091 4088 siqui
1108 4005 1192 4068 forte
1212 4025 1315 4086 quan-

127 4113 236 4198 doque
260 4113 424 4179 Viennam
448 4114 489 4178 ad
515 4135 639 4178 sacram
664 4113 857 4178 Caesaream
873 4113 1082 4177 Maiestatem
1100 4111 1240 4189 veniant,
1257 4133 1314 4194 pcr

127 4221 286 4285 bidellum
322 4222 545 4286 univcrsitatis
578 4221 628 4285 vel
661 4243 717 4304 per
750 4221 849 4284 alium
876 4219 923 4292 de
939 4220 1070 4284 natione
1102 4226 1214 4283 nostra
1238 4241 1313 4301 pru-

126 4330 259 4394 dentem
294 4329 398 4392 virum
432 4329 627 4394 exhibeatur
661 4329 701 4393 ad
731 4329 984 4411 inscriptionem,
1019 4333 1055 4390 ut
1079 4326 1138 4389 hoc
1162 4333 1256 4409 pacto
1281 4333 1313 4389 et

124 4439 272 4520 dignitas
297 4447 329 4501 et
354 4437 606 4502 emolumentum
631 4443 756 4501 crescat
779 4435 931 4500 nationis.

237 4552 271 4610 3⁰
304 4546 353 4611 Ut
380 4567 454 4609 cum
479 4545 561 4610 nulli
585 4547 717 4610 aliunde
742 4551 891 4627 sumptus
916 4565 1014 4627 quam
1038 4563 1076 4605 ex
1102 4543 1313 4624 inscriptione

125 4655 194 4720 sola
227 4656 419 4738 proveniant
452 4654 577 4722 nationi
610 4661 748 4732 nostrae,
783 4673 845 4716 non
875 4654 965 4736 prius
990 4650 1047 4714 ulli
1081 4649 1312 4788 adso-pppantur
