3296 5328
1299 435 1343 500 53·

263 633 354 717 Mag.
378 631 541 717 Georgius
565 635 699 701 Albertt
732 657 771 700 ex
804 635 992 717 Caccabaria,
1027 657 1085 722 pro
1119 633 1343 701 intitulatione

148 742 283 810 liberali
307 766 405 810 mann
430 745 551 811 obtulit
577 745 616 812 15
643 768 687 812 er.

262 854 352 938 Mag.
375 851 539 940 Georgius
562 857 736 922 Rithamer
761 880 800 924 cx
824 857 924 924 Oellis
948 857 1064 941 Marig,
1089 855 1248 940 singulari
1264 881 1342 943 erga

149 966 321 1031 necionem
343 956 516 1048 Hungarle
541 968 658 1034 ductus
690 967 922 1050 benevolentia,
955 968 1091 1033 eandem
1124 970 1341 1034 remuneravit

153 1079 194 1139 lo
215 1096 261 1138 61.

261 1181 350 1266 Mag.
374 1179 560 1266 Stephanus
584 1183 736 1270 Sprugell
760 1207 800 1248 ex
819 1185 927 1250 Hallis
944 1183 1061 1266 Suevip
1078 1183 1187 1268 inclite
1214 1187 1338 1252 6661661

146 1294 326 1380 Hungarie
350 1291 391 1356 ob
415 1291 557 1358 favorem
583 1295 753 1378 specialem
777 1293 958 1360 liberaliter
981 1293 1102 1359 obtulit
1126 1297 1146 1355 8
1170 1317 1212 1358 cr.

262 1416 356 1484 Anno
379 1419 511 1486 Domini
538 1425 633 1498 1522,
657 1429 853 1507 procurant-c
878 1423 1049 1488 comodum
1072 1423 1218 1486 nacionis
1246 1421 1337 1508 Mag.
1370 1430 1435 1479 1511
1458 1431 1486 1480 ΙΙ

147 1531 284 1596 Joanne
308 1527 491 1610 Aurilabri,
515 1530 575 1596 sub
599 1533 783 1597 mutacione
807 1531 958 1616 hyemali,
977 1529 1168 1595 'intitulatus
1192 1537 1258 1596 est:
1309 1519 1312 1530 ’

195 1680 197 1682 -
259 1635 389 1701 Nobilis
407 1641 440 1700 61
463 1639 612 1721 66166166
636 1637 726 1721 Mag.
749 1636 972 1704 (1111161616166
996 1637 1151 1704 Kocham
1174 1660 1212 1704 ex
1232 1640 1326 1706 Bada

145 1748 204 1830 qui
231 1745 414 1809 oracionem
437 1746 471 1809 in
494 1746 578 1812 16616
603 1747 669 1812 divi
692 1746 840 1812 Lsdislai
866 1748 907 1812 ob
939 1749 1006 1816 cius
1040 1747 1194 1812 honorem
1229 1753 1260 1812 et
1293 1751 1340 1814 in-

144 1857 261 1920 clitam
285 1855 428 1919 nacionis
451 1855 580 1920 laudem
603 1853 726 1928 babuit,
751 1856 901 1923 festivam
925 1857 1005 1921 satis
1030 1864 1063 1920 et
1087 1856 1278 1939 elegantem.

258 1973 353 2042 11666
386 1977 518 2043 Domini
555 1983 650 2058 1523,
684 1981 718 2044 16
750 1980 802 2045 die
835 1983 938 2046 sancti
976 1980 1130 2060 Tiburtii,
1168 1981 1271 2046 616616
1305 1985 1338 2048 in
1370 1991 1469 2038 15231

143 2093 396 2171 procuratorem
422 2085 595 2152 Leonardo
619 2086 818 2167 Dobrohost,
836 2091 917 2154 iuris
942 2091 1111 2171 utriusque
1132 2088 1271 2170 doctore,
1295 2092 1337 2156 ad

143 2195 356 2261 matriculam
390 2196 533 2260 nationis
565 2197 625 2261 sub
659 2197 727 2261 eius
759 2199 948 2281 procuratio
981 2197 1130 2280 magistri
1162 2198 1337 2283 subscripti

141 2307 224 2370 surrt
246 2301 424 2367 intitulati:
1000 2291 1003 2299 ¹

256 2410 346 2493 Mag.
370 2409 514 2476 Michacl
538 2411 642 2478 Fabri
666 2413 706 2478 de
725 2411 941 2495 Pulknhaim3
965 2413 1046 2480 nibil
1063 2414 1153 2480 dedit
1169 2415 1337 2496 hactenus,

142 2519 299 2602 promisit
322 2540 356 2583 sc
380 2524 491 2584 tamen
516 2520 669 2586 daturum
699 2523 904 2604 quantocius.

255 2641 478 2710 Procuratore
502 2646 593 2729 Mag.
610 2647 712 2712 Petro
730 2645 911 2732 Sandperg,
928 2672 1014 2714 anno
1031 2655 1090 2715 etc.
1110 2653 1203 2730 1524,
1224 2651 1257 2714 111
1283 2650 1334 2715 die
1366 2660 1432 2706 1524
1453 2659 1465 2706 l
1535 2717 1540 2731 ,

140 2755 253 2818 sancti
278 2753 424 2818 Tiburcii
449 2760 482 2820 et
505 2753 676 2821 Valeriani
701 2757 812 2837 616616,
837 2758 1031 2842 inscriptus:

254 2861 346 2942 Mag.
370 2860 569 2928 Benedictus
593 2863 632 2928 de
666 2863 860 2946 Naghsarlo,
895 2867 1066 2932 eanonicus
1091 2867 1223 2952 ecclesie
1248 2865 1332 2933 Oba-

142 2969 321 3050 nantensis,
345 2969 436 3034 dedit
461 2976 479 3034 2
504 2971 562 3036 sol.
586 2971 658 3037 den.
683 2979 715 3036 et
739 2972 837 3038 166611
861 2973 1040 3038 6161166616
1074 2975 1108 3038 16
1142 2961 1332 3039 1116666611

139 3075 304 3142 Ladislai.

251 3196 351 3266 vllnno
375 3189 505 3267 Domini
534 3207 628 3284 1526,
652 3212 849 3287 procurante
874 3205 963 3289 Mag.
996 3205 1127 3271 Joaune
1159 3205 1331 3270 Aurifabri
1359 3228 1407 3282 fol.
1428 3233 1477 3284 aab

140 3311 291 3375 nacionis
315 3311 458 3393 negocia,
482 3311 629 3391 magistri
654 3311 857 3396 infrascripti
882 3313 915 3376 in
932 3312 1042 3378 album
1059 3321 1169 3377 nostre
1187 3313 1331 3378 nacionis
1361 3307 1476 3358 152511

140 3418 306 3483 intitulati
329 3423 423 3482 sunt:

252 3527 343 3610 Mag.
368 3525 564 3592 Franciscus
587 3527 802 3608 Emerichius,
819 3529 909 3595 dedit
927 3536 945 3594 6
963 3553 1006 3594 cr.

251 3635 342 3718 Mag.
365 3631 544 3717 Gregorius
569 3635 609 3700 de
634 3634 796 3718 11116616,
820 3639 962 3721 suscepit
985 3638 1128 3702 6111616111
1153 3639 1268 3702 orandi
1296 3638 1329 3700 iu

139 3745 227 3810 festo
251 3743 318 3808 divi
341 3742 499 3823 Ladislai,
527 3765 547 3808 a
579 3765 643 3826 quo
676 3751 871 3828 procurator
904 3769 967 3810 non
1000 3747 1114 3830 petivit
1146 3747 1328 3830 quicquam,

139 3851 231 3936 quod
255 3851 461 3916 satisfactum
484 3851 581 3934 plana
605 3853 733 3917 6661661
758 3854 957 3918 existimavit
980 3855 1013 3918 in
1037 3875 1135 3919 onere
1155 3856 1327 3923 661166616-

139 3959 244 4026 nandi
270 3965 430 4043 suscepto.

251 4061 348 4131 Anno
371 4066 502 4132 Domini
530 4072 623 4150 1528,
647 4069 681 4132 16
705 4069 757 4133 die
782 4067 926 4136 Tiburcii
953 4076 987 4134 61
1010 4069 1327 4160 Valerianinrarty·
1359 4107 1455 4153 1528]

137 4199 223 4258 rum,
248 4177 369 4242 6166166
393 4177 455 4242 1611
478 4179 512 4241 16
531 4183 776 4260 procuratorem
792 4179 935 4242 nacionis
952 4177 1098 4262 11666116
1115 4178 1203 4262 Mag.
1222 4177 1326 4244 doen-

137 4309 198 4351 nes
222 4282 400 4350 Aurifabri
423 4283 663 4366 vaasdiensis,
687 4307 751 4369 quo
775 4299 971 4371 procurante
995 4287 1187 4354 infranotati
1214 4291 1246 4352 in
1271 4311 1326 4354 na·

104 4413 109 4424 ·
137 4395 267 4460 cionem
291 4394 423 4479 ascripti
448 4399 540 4459 sunt:

249 4503 341 4584 Mag·
358 4499 522 4568 Antonius
546 4502 637 4568 Mela
661 4501 951 4586 WratislaviensiS,
974 4505 1066 4570 dedit
1091 4511 1111 4570 8
1136 4502 1207 4586 er.¹)

141 4647 352 4662 --—--..--—-

252 4701 272 4746 ¹t
293 4695 416 4751 Kesdbbi
435 4696 484 4750 bez
504 4696 629 4750 toldtsa:
655 4696 721 4752 Vide
739 4696 843 4765 1611616
865 4697 911 4754 22.
