3334 5322
1262 435 1326 497 229

136 627 158 686 3
186 623 257 689 den.
281 625 368 692 Item
392 649 451 710 pro
475 626 646 694 frondibus
671 631 690 692 5
713 627 793 710 den,
818 628 897 694 item
924 625 1091 713 Stephano
1116 627 1244 696 bedello
1267 649 1326 714 pro

134 737 305 822 scriptura
337 738 555 804 intimacionia
581 742 599 802 7
624 737 695 804 den.
733 738 820 804 Item
844 737 926 805 feria
949 739 1053 804 tercia
1077 738 1111 804 in
1136 739 1188 805 die
1222 739 1326 804 sancti
1437 803 1438 812 ,

134 845 295 912 Manrioii
329 847 464 931 exposui
502 867 561 930 pro
596 846 740 951 exequiis
774 841 815 930 ll,
849 845 922 912 libr.
953 846 996 912 ad
1029 846 1261 912 Predicatores
1294 851 1328 912 et
1344 831 1482 965 ⁵223&

134 955 309 1040 Stephano
334 955 459 1021 badello
484 953 502 1018 1
528 977 575 1038 gr.
599 976 659 1038 pro
691 955 854 1038 scriptura
886 955 1104 1020 intimaoionis
1128 959 1162 1020 et
1184 953 1326 1019 alterum

133 1085 197 1146 gr,
222 1064 311 1148 quod
334 1063 488 1128 interfuit
512 1063 665 1146 exequiis,
689 1083 748 1146 pro
772 1063 951 1128 honestate.
984 1060 1072 1126 ltem
1096 1084 1156 1145 pro
1180 1062 1326 1146 predicar

133 1177 221 1254 tore,
244 1174 301 1256 qui
325 1172 404 1238 fecit
427 1193 608 1238 sermonem
633 1174 665 1238 in
690 1173 742 1240 die
766 1173 873 1238 saneti
896 1171 981 1254 regis
1004 1169 1152 1236 Ladislai
1176 1177 1218 1236 60
1243 1171 1324 1254 dem,
1351 1155 1469 1286 31136Ξέ

132 1281 282 1364 reliquos
306 1301 381 1346 vero
405 1281 592 1364 propinavit
614 1281 743 1345 naoioni
769 1300 808 1344 ox
831 1299 922 1344 mera
945 1277 1155 1360 liberalitate,
1179 1300 1324 1363 proquo

131 1389 324 1455 laudandus
348 1395 404 1454 est.
443 1387 531 1454 Item
555 1386 724 1474 Stephano
756 1389 885 1455 bedello
911 1392 927 1453 1
954 1409 1012 1471 gr,
1036 1387 1062 1454 J
1063 1388 1184 1454 ohanni
1208 1395 1228 1456 2
1253 1389 1325 1456 den.

131 1497 226 1564 Item
259 1497 348 1564 facto
381 1504 534 1582 compotu
571 1519 631 1582 pro
664 1503 778 1563 octava
801 1497 867 1563 vini
897 1501 917 1563 8
942 1497 1013 1563 den.
1053 1498 1201 1582 Recepta
1234 1499 1326 1563 iuxta

131 1607 382 1674 ordinacionem
407 1613 440 1673 et
463 1611 590 1673 statuta
613 1606 814 1692 supradicta
838 1607 926 1674 Item
943 1628 982 1672 ex
997 1611 1091 1690 parte
1111 1607 1202 1690 Mag.
1218 1607 1325 1672 Fran-

132 1715 215 1780 eisci
239 1719 284 1780 40
308 1716 390 1797 dem,
413 1717 491 1781 item
516 1737 555 1779 ex
579 1722 675 1799 parte
700 1715 790 1798 Mag.
814 1715 909 1780 Petri
932 1718 976 1780 40
1001 1715 1072 1780 den.

245 1823 319 1907 Ego
342 1823 432 1907 Mag.
455 1821 580 1888 Paulos
603 1822 727 1907 Kyczel
751 1822 791 1888 de
815 1821 972 1908 Znoyma,
996 1828 1190 1906 procurator
1213 1823 1323 1888 inclite
1344 1830 1391 1885 fol.
1408 1834 1472 1887 102b

130 1930 285 1995 nacionis
307 1929 488 2014 Hungarie‚
512 1930 635 1995 electus
658 1931 691 1995 in
716 1929 769 1994 die
793 1935 980 1996 sanctorum
1004 1930 1152 1996 Tiburcii
1176 1935 1209 1996 et
1225 1930 1324 2000 Vale·
1352 1911 1467 2046 35⁰2·

130 2039 233 2120 riani,
256 2037 380 2104 tradidi
404 2038 581 2104 venerabili
604 2039 673 2104 viro
696 2037 786 2122 Mag.
802 2037 828 2102 J
830 2037 951 2104 obanni
976 2039 1018 2104 de
1042 2036 1214 2124 Goltperg,
1238 2060 1324 2104 oom-

129 2148 264 2230 putatis
298 2151 330 2212 et
362 2145 534 2214 defalcatis
573 2146 765 2230 singulis‚4
795 2146 864 2212 lior.
888 2146 1105 2230 Ungaricales
1137 2155 1170 2214 et
1204 2154 1223 2214 6
1256 2151 1322 2232 sol,

132 2260 177 2320 19
203 2255 285 2337 den,
318 2255 526 2348 presentibus
559 2254 679 2322 ibidem
711 2254 905 2321 venerandis
937 2256 1015 2321 viris
1050 2255 1141 2341 Mag.
1166 2257 1321 2324 Johanne

129 2363 175 2428 de
199 2363 301 2448 Egra,
325 2363 420 2430 Dom.
436 2361 581 2448 Oaspare
606 2363 768 2430 (lawibbel
785 2363 824 2429 de
841 2363 1086 2430 Pharohircben
1112 2370 1144 2429 et
1168 2365 1321 2432 Johanne

129 2469 304 2556 depeler
319 2472 359 2537 de
378 2469 579 2556 Goppingen.
603 2471 691 2537 Item
714 2471 860 2538 ladulam
883 2494 955 2538 oum
980 2471 1105 2538 duabus
1129 2475 1218 2556 seris,
1241 2496 1322 2558 pau-

128 2601 214 2644 num
236 2579 427 2662 luneralem,
445 2579 527 2645 duas
549 2578 749 2661 matriculas,
773 2600 891 2646 novam
908 2584 941 2646 et
957 2581 1136 2666 antiquam,
1153 2587 1188 2647 et
1210 2582 1320 2666 hysto-

126 2688 219 2752 riam
242 2689 347 2754 sauoti
370 2688 457 2772 regis
480 2687 639 2754 Ladislai.

657 2797 738 2858 (1467
758 2797 807 2858 11)

242 2900 314 2989 Ego
353 2905 462 2990 Mag.
493 2904 724 2971 Johannes
764 2905 813 2970 de
852 2903 1085 2991 Goltperg,
1124 2913 1319 2990 procurator

127 3013 245 3078 inclite
277 3013 422 3078 nacionis
445 3013 600 3096 Ungarie,
633 3013 754 3078 electus
787 3015 820 3078 in
853 3014 905 3080 die
939 3013 1131 3080 Oolomanni
1162 3015 1318 3095 martiris,
1347 3014 1452 3134 03⁶ss

125 3143 367 3188 commemoror
399 3145 451 3188 me
474 3123 634 3205 recepisse
667 3145 725 3206 per
749 3144 882 3206 presens
916 3123 1074 3206 scriptum
1098 3145 1118 3188 a
1140 3123 1316 3190 venerabili
1399 3118 1405 3130 '
1456 3119 1462 3132 ’

125 3229 202 3294 viro
234 3227 326 3312 Mag.
349 3228 454 3294 Paulo
487 3229 621 3295 Kitczal
655 3229 694 3295 de
727 3227 865 3294 Oaanaw
891 3223 928 3312 (t)
956 3233 978 3295 4
1007 3229 1075 3295 flor.
1099 3229 1317 3314 Ungarioales

124 3337 199 3400 veri
222 3336 375 3420 ponderis
399 3341 433 3401 et
456 3343 475 3401 6
500 3337 554 3402 sol.
580 3336 652 3402 den.
677 3343 710 3403 et
737 3342 777 3402 19
802 3338 873 3404 den.

240 3444 313 3528 Ego
334 3443 422 3528 Mag.
438 3445 464 3510 J
465 3445 609 3512 ohannes
625 3446 666 3510 de
682 3443 853 3530 Goltperg,
871 3451 1065 3529 procurator
1081 3445 1191 3510 inclite
1206 3447 1315 3510 nacio-

123 3554 180 3618 nis
198 3551 356 3634 ngarie,
373 3553 495 3620 electus
511 3555 545 3618 in
561 3553 614 3618 die
630 3551 803 3620 Oolmanni
826 3554 981 3632 martiris,
998 3552 1122 3618 tradidi
1139 3554 1315 3620 venerabili
1345 3619 1360 3654 0

123 3667 160 3725 et
188 3660 320 3742 egregio
343 3662 412 3726 viro
445 3661 540 3726 Dom.
563 3660 718 3728 Michaeli
744 3661 783 3726 de
807 3661 913 3743 Buda,
946 3663 1031 3728 sacri
1060 3662 1145 3745 juris
1168 3661 1316 3726 canonici

122 3768 303 3834 licenciato
335 3766 417 3832 bene
441 3767 549 3852 digno,
582 3773 723 3852 protunc
746 3769 859 3834 inclite
891 3769 1037 3834 nacionis
1063 3768 1210 3850 Ungarie
1242 3789 1316 3852 pro·

122 3878 278 3942 curatori
309 3873 523 3956 benemerito,
556 3876 693 3960 singulis
718 3878 916 3960 computatis
941 3881 975 3942 et
999 3875 1178 3957 delebatis,
1201 3878 1223 3940 4
1246 3875 1316 3942 flor.

122 3982 346 4067 Ungaricales
371 3982 410 4047 de
433 3982 520 4047 bona
544 3988 678 4048 moneta
702 3989 736 4050 et
758 3983 906 4070 pondere
929 3989 963 4050 et
985 3985 1105 4050 libram
1122 3983 1193 4048 den.
1210 3984 1315 4050 minus

121 4099 143 4158 6
172 4081 266 4170 den,¹
289 4089 323 4154 in
347 4091 517 4172 presencia
539 4090 733 4156 venerabilis
758 4098 791 4156 et
816 4093 940 4176 egregii
963 4094 1026 4158 viri
1059 4092 1155 4158 Dom.
1180 4092 1315 4178 Georgii

120 4201 166 4266 de
186 4197 295 4280 Nissa,
312 4199 398 4264 sacri
418 4198 502 4280 juris
526 4199 674 4262 canonici
697 4199 860 4265 licenciati
885 4201 1085 4282 benemeriti,
1102 4207 1135 4267 et
1151 4201 1177 4266 J
1178 4201 1314 4268 ohannis

120 4307 166 4372 de
191 4304 349 4385 handau,
373 4303 499 4369 arcium
522 4302 710 4370 liberalium
732 4304 921 4372 baccalarii.

660 4449 740 4511 (14⁶8
760 4449 794 4512 Id

237 4550 335 4622 Anno
358 4557 492 4624 Domini
515 4558 568 4623 Μο
593 4559 766 4641 cccclxviii,
791 4582 849 4643 ego
882 4561 1076 4626 Michael
1106 4560 1154 4625 de
1184 4561 1313 4642 Buda,

119 4665 320 4740 licenciatus
353 4665 387 4736 in
420 4663 567 4750 decretis,
601 4673 799 4755 procurator
832 4667 943 4738 inclite
978 4668 1123 4740 nacionis
1156 4667 1312 4754 Ungarie,

1366 3537 1443 3596 rosv,

1362 3601 1403 3654 ks.
1420 3610 1460 3656 13.
