3324 5326
348 426 413 489 312

348 626 421 708 gius
454 624 595 698 Ederus,
626 623 711 706 juris
736 621 908 702 utriusque
932 619 1055 699 doctor,
1080 617 1288 701 imperatoris
1321 613 1530 692 consiliarius,

348 735 397 800 vir
422 741 455 801 et
478 721 990 800 88188818888888888811881888
1013 727 1221 794 humanitate
1245 725 1464 812 gravissimus,
1481 728 1532 808 qui

352 844 523 910 duodecies
547 843 644 910 huius
669 841 922 927 archigymnasii
945 845 1055 906 rector
1078 838 1271 922 magnificus
1294 839 1414 904 extitit.

235 931 313 990 ¹⁵⁸⁷¹
463 955 514 1018 15.
531 953 555 1017 J
557 952 616 1018 ulii
633 952 856 1017 screnissimus
866 971 905 1015 ac
915 946 1184 1014 clementissimus
1201 945 1360 1012 archidux
1376 943 1531 1012 Austriae

213 995 266 1063 jol.
287 1001 328 1049 15.

271 1083 276 1096 ·
351 1063 513 1128 Ernestus
535 1060 570 1124 18
594 1059 714 1143 templo
748 1057 1076 1140 Augustinianorum‚
1109 1055 1288 1138 praemisso
1320 1075 1424 1134 sacro,
1449 1053 1532 1138 quod

350 1171 519 1255 episcopus
530 1167 726 1235 Viennensis
737 1165 762 1232 J
763 1186 884 1231 oannes
895 1163 1070 1248 Casparus,
1088 1160 1399 1228 administrantibus
1417 1159 1531 1226 abbate

351 1279 523 1348 Scotorum
554 1284 588 1342 et
619 1275 740 1342 abbata
773 1273 914 1341 Sanctae
953 1273 1077 1354 Crucis,
1109 1271 1342 1353 celebraverat,
1375 1292 1397 1336 a
1420 1269 1532 1336 Laelio

351 1389 481 1469 Ursino,
505 1387 614 1468 legato
638 1385 754 1450 summi
787 1363 950 1468 pontificis
974 1379 1059 1447 Sixti
1083 1381 1199 1464 quinti,
1223 1379 1345 1463 pileum
1369 1399 1533 1445 consecra·

352 1502 422 1563 tum
447 1501 480 1561 et
504 1517 611 1560 ensem
638 1493 790 1577 suscepit.

462 1603 757 1688 reprobamus
790 1601 1015 1668 serenissimus
1047 1598 1207 1666 archidux
1239 1598 1399 1664 Austriae
1431 1597 1535 1662 Maxi·

352 1714 506 1782 miliacus
529 1713 564 1776 in
588 1733 697 1796 regem
721 1710 885 1792 Poloniae,
909 1715 1010 1792 atque
1035 1707 1148 1773 eodem
1173 1707 1225 1772 die
1248 1705 1365 1772 Comes
1389 1726 1411 1770 a
1432 1703 1535 1786 Son'n,
1627 1723 1628 1728 ¹

237 1581 315 1640 rear,

214 1647 267 1714 ju.
288 1653 330 1700 22.

352 1823 517 1907 adjunctis
550 1823 692 1888 strenuis
725 1821 879 1888 heroibus
912 1819 1053 1886 Nadasti
1078 1824 1112 1884 et
1135 1817 1267 1884 Budian
1300 1817 1439 1902 aliisque
1464 1839 1534 1883 cou-

203 1931 252 1988 tol.
276 1933 340 1988 13⁶b
355 1931 539 2010 foederatio,
565 1925 569 2014 Ι
594 1932 699 2014 captis
722 1921 848 1995 duobus
872 1927 986 2012 Beegh
1002 1921 1345 2011 Quinqueecclesiensi
1368 1933 1403 1992 et
1424 1926 1535 2009 Beegh
1628 1995 1629 2024 ἢ

355 2039 572 2123 aKappaun
595 2037 758 2122 tertioque
783 2035 907 2118 Snsvar
930 2035 1043 2120 Beegh
1067 2059 1087 2101 a
1111 2035 1233 2120 Zigoth
1265 2035 1448 2120 profligato,
1483 2037 1535 2118 qui

353 2149 403 2212 vir
436 2146 514 2229 fuga
547 2149 704 2226 servatus,
736 2150 834 2229 parta
868 2145 1005 2210 victoria
1037 2166 1139 2229 prope
1171 2143 1344 2226 Oanischa,
1381 2141 1535 2228 praedam

355 2254 496 2338 amplam
520 2259 710 2320 consecutus
734 2257 818 2318 est·

466 2364 516 2426 14.
541 2359 745 2445 Septembris
768 2361 995 2427 serenissimus
1020 2360 1178 2428 archidux
1201 2359 1362 2427 Austriae
1386 2359 1536 2424 Maximi·

356 2467 472 2548 banus,
509 2466 817 2532 concomitantibus·
850 2467 1063 2532 serenissimis
1103 2465 1261 2532 Austriae
1299 2437 1534 2546 alchiduoibus,
1630 2473 1631 2486 ¹

357 2576 518 2644 fratribus
551 2578 626 2659 suis,
649 2575 793 2642 Ernesto
816 2581 851 2642 et
875 2575 1031 2658 Matthia,
1055 2595 1172 2658 magno
1205 2596 1378 2660 procerum
1411 2575 1534 2659 agmine

356 2684 487 2752 Vienna
511 2685 661 2750 discessit
683 2683 856 2749 Poloniam
880 2705 999 2749 versus

210 2781 280 2909 dld⁷
291 2785 330 2910 1131.
464 2824 561 2894 Auno
585 2827 718 2894 Domini
742 2827 1046 2911 MDLXXXVII,
1062 2829 1095 2894 18
1120 2831 1191 2914 ipso
1215 2832 1321 2897 sancti
1345 2829 1536 2897 Colomanni
1631 2781 1632 2802 .

355 2937 447 3020 festo,
474 2957 534 3019 ego
557 2934 740 3002 Andreas
762 2935 937 3020 Isingius
960 2937 1166 3020 Brigensis
1189 2935 1373 3020 silesiae,
1398 2937 1535 3022 philoso

354 3046 451 3130 phiao
466 3066 506 3110 88
521 3043 701 3110 medicinae
717 3041 839 3124 doctor,
860 3043 1110 3128 archigymnasii
1130 3043 1321 3112 Viennensis
1336 3043 1536 3134 Graecarum

354 3155 525 3222 literarum
540 3150 704 3236 professor
719 3151 893 3237 primarius
908 3171 1034 3218 necnon
1046 3174 1106 3238 pro
1119 3157 1266 3238 tempore
1282 3155 1441 3234 magister
1456 3153 1536 3218 sani-

354 3263 443 3344 tatis,
467 3261 629 3326 communi
644 3259 848 3326 dominorum
873 3261 1131 3328 consiliariorum
1147 3260 1304 3346 suffragio
1328 3261 1362 3326 18
1386 3281 1536 3344 procura·

355 3375 459 3436 torem
492 3367 634 3451 inclytae
657 3368 801 3434 nationis
827 3367 996 3452 Ungariae
1020 3368 1151 3449 electus,
1175 3367 1217 3433 ab
1241 3373 1448 3434 autecessore
1472 3387 1537 3432 meo

355 3477 450 3544 Dom.
484 3477 574 3560 Mag.
607 3475 844 3559 Christophoro
878 3475 1006 3560 Burger
1037 3483 1169 3562 praeter
1201 3475 1321 3543 librum
1355 3482 1389 3542 et
1422 3481 1466 3542 24
1496 3497 1537 3540 or.

355 3587 438 3652 nihil
461 3587 580 3670 accepi,
614 3606 699 3670 quae
730 3584 819 3668 apud
852 3606 1070 3652 successorem
1095 3607 1202 3652 meum
1234 3585 1331 3650 Dom.
1355 3583 1537 3670 Nigrinum,

354 3695 437 3780 juris
460 3696 630 3778 utriusque
654 3693 828 3782 doctorem,
852 3713 903 3758 me
925 3694 1012 3760 bona
1036 3693 1100 3760 fide
1123 3694 1309 3778 deposuisse
1332 3693 1499 3778 profiteor.

465 3801 665 3871 Venerabile
681 3801 911 3868 consistorium
927 3802 1069 3868 consiliis
1077 3802 1157 3868 meis
1167 3799 1451 3888 qualibuscunque
1466 3800 1538 3868 iuri

238 2337 316 2398 1881,

210 2407 280 2473 sept.
302 2409 343 2458 14.

466 3908 566 3977 Anno
582 3911 716 3976 Domini
732 3909 812 3977 MD.
828 3907 1080 3994 LXXXVIII,
1098 3911 1150 3977 die
1161 3914 1213 3979 24.
1222 3911 1248 3976 J
1250 3912 1389 3993 aunarii,
1405 3911 1537 3978 serenis-

357 4020 458 4086 simus
475 4020 635 4085 archidux
651 4016 810 4086 Austriae
833 4016 1087 4100 Maximilianns,
1112 4019 1234 4086 electus
1256 4017 1461 4086 Polonorum
1477 4040 1537 4098 rex,

357 4129 390 4192 in
414 4126 534 4212 oppido
557 4127 671 4192 Biczin
704 4123 821 4192 ditioni
845 4126 949 4192 Ducis
980 4127 1191 4212 Brigensium
1224 4127 1382 4209 subiecto,
1405 4126 1537 4212 perfidia

357 4235 556 4302 Polonorum
589 4239 705 4318 captus
730 4240 781 4300 est
803 4257 824 4300 a
847 4233 980 4300 Joanne
1013 4231 1192 4318 Samoyski,
1221 4234 1417 4300 cancellario
1451 4236 1537 4318 regni

358 4365 518 4428 supremo.
542 4342 708 4427 Oppidum
742 4341 861 4408 dehinc
894 4343 1021 4427 aliquot
1044 4343 1077 4407 in
1100 4342 1180 4408 locis
1211 4343 1388 4422 incensum,
1421 4343 1538 4428 praeda

359 4451 499 4516 militnm
532 4450 574 4516 ab
608 4450 755 4516 hostibus
789 4458 911 4536 erepta,
943 4451 1024 4516 vivis
1058 4456 1169 4515 tamen
1200 4450 1362 4534 plerisque
1395 4451 1538 4516 dimissis.

360 4555 447 4642 Quid
471 4581 546 4624 vero
571 4557 603 4622 in
630 4564 797 4641 posterum
822 4581 894 4624 cum
917 4558 1135 4624 illustrissimo
1160 4579 1199 4622 ac
1223 4557 1430 4640 pientissimo
1453 4558 1537 4642 prin-

360 4667 431 4750 cipe
456 4665 601 4731 futurum
627 4667 678 4748 sit,
703 4666 751 4730 rei
776 4672 909 4732 eventus
933 4664 1181 4732 demonstrabit.
