3324 5326
1198 424 1201 432 ’
1271 453 1333 516 555

145 665 225 708 cum
241 666 306 710 uno
333 643 528 730 Salipolensi
544 652 578 711 51
596 649 615 712 3
631 646 841 715 Renensibus
865 651 899 716 in
915 671 1005 733 auro,
1022 671 1088 717 una
1104 673 1177 718 cum
1193 651 1337 718 nationis

144 755 233 821 libro
256 777 277 821 a
302 757 482 824 clarissimo
507 755 603 825 Dom.
622 757 768 824 Doctore
793 757 958 826 Ludovico
982 760 1109 846 Kiinig,
1132 767 1336 830 antecessore

145 888 229 949 meo,
254 868 383 950 integre
417 868 609 951 percepisse,
633 869 720 952 quod
753 870 815 935 hoc
837 889 911 936 meo
935 875 1076 937 attestor
1100 870 1336 956 chyrographo.

258 975 360 1042 Anno
376 977 510 1044 Domini
530 979 625 1058 1554,
641 979 675 1044 in
691 978 776 1045 festo
793 977 942 1044 divorum
953 979 1097 1047 Tiburtii
1114 988 1147 1046 51
1157 981 1335 1066 Valeriani,
1364 961 1480 1098 αέξῧῗξ

145 1107 209 1168 555
226 1087 414 1151 mutacione
430 1086 587 1168 aestivali,
599 1108 658 1170 ego
674 1087 765 1176 Mag.
775 1087 801 1154 J
802 1087 947 1154 ohannes
963 1089 1134 1157 Harscher
1149 1091 1195 1157 fui
1213 1093 1335 1160 electus

145 1197 181 1262 in
206 1194 422 1278 Hungaricae
453 1196 596 1262 nationis
629 1203 886 1280 procuratorem.
920 1197 1041 1263 Postea
1065 1220 1142 1264 5555
1174 1221 1235 1283 555
1259 1201 1335 1284 hye-

145 1305 227 1370 mali
259 1304 443 1370 mutacione
468 1325 598 1390 quoque
622 1305 840 1372 confirmatus.
876 1303 916 1370 In
949 1306 1012 1371 hoc
1044 1328 1116 1372 meo
1150 1306 1257 1372 officio
1282 1331 1335 1374 ex·

145 1414 242 1495 posui
266 1413 396 1478 notario
420 1435 480 1495 pro
504 1413 633 1480 duabus
656 1415 927 1495 intimationibus,
948 1437 1021 1479 cum
1044 1415 1242 1499 prelegenda
1267 1417 1336 1482 lue-

131 1528 229 1588 -runt
252 1528 388 1605 statuta,
409 1527 448 1588 16
466 1523 537 1588 den.
561 1524 649 1590 Item
672 1525 708 1588 in
731 1523 842 1608 vigilia
866 1525 931 1590 divi
955 1523 1102 1588 Ladislai
1126 1545 1185 1607 pro
1208 1524 1348 1608 duabus
1361 1504 1479 1636 jfflss·

145 1631 411 1697 intimationibns
438 1637 477 1696 16
502 1633 584 1714 deu„
607 1633 730 1698 famulo
762 1633 882 1698 bedelli
906 1639 925 1698 8
951 1633 1022 1698 deu.
1055 1633 1198 1716 Reliqua
1227 1635 1335 1698 omnia

146 1746 343 1805 manserunt
375 1741 408 1805 in
442 1746 647 1806 555155555.
684 1740 813 1806 15155
837 1762 914 1806 5555
939 1739 1038 1806 511511
1075 1743 1149 1820 mei,
1173 1763 1246 1806 cum
1271 1743 1336 1806 iam

146 1849 275 1914 5155155
301 1855 385 1916 55551
409 1870 577 1916 successor
600 1871 700 1932 mens,
725 1849 820 1915 Dom.
844 1849 1020 1916 Ladislaus
1045 1848 1141 1931 Stuff,
1164 1851 1336 1915 medicina·

145 1982 222 2025 rum
237 1959 360 2040 doctor,
375 1958 502 2024 tradita
525 1957 648 2026 est'illi
672 1960 814 2024 nationis
837 1959 949 2024 ladula
972 1981 1030 2042 555
1046 1979 1106 2040 me,
1130 1963 1205 2043 post
1221 1979 1336 2024 consu-

145 2072 274 2134 matum
300 2067 467 2150 calculum,
485 2073 602 2134 55558
626 2069 683 2133 151.
699 2068 906 2134 Renensibus
929 2068 963 2132 in
986 2072 1118 2132 moneta
1142 2072 1176 2132 51
1200 2071 1241 2131 24
1262 2065 1335 2132 den.

146 2195 224 2239 cum
250 2196 314 2240 uno
338 2174 531 2258 Salipolensi
555 2181 589 2240 et
612 2182 631 2242 3
656 2176 863 2243 Renensibus
887 2175 955 2240 flor.
979 2175 1127 2240 155555.
1158 2176 1245 2242 Item
1269 2195 1336 2240 mo·

144 2281 263 2347 nachis
287 2283 375 2365 apud
398 2283 627 2350 Prodicatores
651 2285 711 2368 pro
734 2289 942 2350 mortuorum
966 2284 1110 2367 exequiis
1135 2285 1236 2350 3551.
1261 2283 1332 2349 den.

147 2389 216 2454 Pro
241 2389 348 2456 officio
372 2389 521 2458 Ladislai
543 2393 631 2476 regie
654 2395 676 2458 4
700 2392 755 2458 sol.
780 2393 852 2460 den.

677 2535 758 2598 (1555
779 2536 813 2598 1.)

259 2640 348 2709 Item
365 2665 424 2727 ego
443 2642 653 2710 Ladislaus
673 2643 788 2727 811111,
806 2645 1041 2711 medicinarum
1057 2646 1179 2726 doctor,
1196 2647 1335 2729 ingenue

149 2753 259 2818 fateor
277 2752 339 2817 hoc
357 2773 428 2816 meo
448 2753 674 2837 chyrographo
698 2775 798 2837 55555
821 2759 971 2819 notatam
994 2755 1224 2837 peccuniarum
1248 2777 1334 2820 sum-

148 2883 246 2942 mam,
262 2861 413 2926 videlicet
437 2865 457 2924 8
480 2860 538 2926 tal.
560 2860 727 2926 Renensia
750 2862 783 2926 15
806 2867 937 2930 moneta
961 2867 995 2927 et
1018 2866 1061 2928 24
1085 2860 1156 2926 den.
1173 2881 1246 2926 cum
1270 2883 1334 2928 555

148 2969 344 3053 Salipolensi
368 2975 401 3034 51
426 2975 444 3036 3
468 2969 675 3034 Renensibus
698 2969 768 3035 flor.
791 2971 826 3035 in
850 2992 931 3036 auro
955 2971 997 3037 ab
1013 2972 1130 3038 eximio
1146 2971 1215 3035 5155
1239 2969 1334 3035 Dom.

147 3077 241 3161 Mag.
265 3077 390 3145 Joauni
414 3079 611 3162 Harschero,
635 3086 839 3146 antecessore
872 3103 951 3163 meo,
979 3083 1108 3166 integre
1141 3083 1332 3166 percepisse.

258 3186 324 3252 Pro
341 3188 449 3254 tribus
467 3187 728 3256 intimationibus
744 3192 873 3256 notario
889 3193 1112 3257 universitatis
1129 3191 1177 3256 kr.
1198 3195 1246 3255 12.
1270 3190 1333 3255 Pe·

146 3295 234 3360 dello
258 3295 306 3360 kr.
323 3301 353 3362 6.
376 3295 463 3362 Item
487 3297 654 3362 monachis
677 3297 766 3382 apud
789 3297 1019 3364 Predicatores
1041 3319 1101 3384 pro
1125 3305 1332 3364 mortuorum

146 3405 316 3487 exaequiis
334 3408 353 3467 3
371 3403 515 3470 5515155.
539 3405 606 3470 Pro
623 3404 731 3471 officio
754 3404 902 3471 Ladislai
926 3407 1013 3488 regis
1032 3408 1054 3470 4
1072 3405 1128 3471 sol.
1145 3405 1217 3471 den.
1236 3397 1241 3484 Ι
1264 3406 1331 3470 Pro
1350 3431 1397 3485 fol.
1415 3433 1481 3486 1251»

1381 2373 1459 2432 1554,

1360 2439 1421 2505 jun.
1436 2447 1478 2494 27.

146 3512 278 3577 duabus
311 3513 573 3579 intimationibus
597 3514 631 3579 in
655 3513 747 3579 obitu
780 3513 870 3596 Mag.
894 3511 1037 3578 Oswaldi
1069 3515 1197 3581 notario
1229 3513 1278 3579 kr.
1302 3517 1332 3579 4.
1364 3512 1457 3594 ,55555

144 3619 286 3686 Bedello
308 3621 404 3688 1552.
427 3621 514 3687 Item
537 3621 628 3705 Mag.
644 3621 670 3686 J
672 3622 769 3688 oanni
793 3621 991 3704 Harscher0‚
1014 3623 1192 3706 precessori
1207 3644 1286 3705 meo,
1311 3627 1329 3686 5
1358 3593 1418 3642 Jun.
1433 3586 1475 3631 27'

144 3729 213 3810 551,
241 3733 282 3794 14
306 3727 378 3794 den.
451 3817 453 3820 Ι

256 3837 356 3903 Auno
383 3841 478 3919 1555,
501 3840 535 3903 in
558 3837 641 3903 festo
665 3837 813 3904 divorum
838 3836 986 3902 Tiburcii
1010 3843 1043 3902 51
1066 3836 1246 3918 Valeriani,
1270 3859 1330 3920 pro
1362 3837 1456 3918 ,15555

143 3947 335 4011 mutacione
358 3946 508 4012 aestivali
532 3967 591 4030 ego
615 3944 791 4010 Ladielaus
815 3943 909 4026 staff,
932 3945 1112 4010 medicinae
1136 3945 1257 4026 doctor,
1282 3946 1330 4010 fui
1358 3919 1416 3972 apr.
1434 3910 1473 3956 Μ’

144 4055 271 4120 5155155
294 4055 329 4120 15
344 4053 537 4138 Hungarics
560 4055 703 4120 nationis
726 4059 980 4138 procuratorem.
1004 4054 1046 4118 In
1061 4053 1122 4119 hoc
1137 4075 1207 4119 meo
1223 4053 1330 4118 511515

143 4164 281 4245 exposui
298 4185 397 4247 supra
413 4167 562 4228 notatam
578 4163 753 4246 peccuniae
768 4183 938 4227 summam.
957 4161 1100 4245 Reliqua
1116 4163 1225 4226 omnia
1240 4183 1330 4226 man·

144 4277 263 4338 serunt
286 4271 320 4336 in
343 4293 402 4336 suo
422 4276 545 4336 155555.
569 4270 611 4335 15
635 4269 698 4336 155
715 4290 791 4334 5555
810 4267 910 4334 511511
933 4269 1006 4348 mei,
1022 4266 1096 4332 cum
1118 4268 1184 4332 iam
1208 4267 1329 4334 electus

143 4383 232 4444 55551
255 4399 422 4450 successor
437 4400 537 4462 meus,
554 4379 704 4462 egregius
719 4377 769 4442 515
793 4377 883 4459 Mag.
899 4376 1022 4442 Paulus
1045 4374 1220 4440 Fabricius
1243 4373 1329 4440 Lau·

143 4487 265 4572 1155515,
290 4489 417 4554 tradita
440 4495 490 4555 est
521 4487 569 4554 illi
601 4487 744 4554 nationis
775 4485 888 4552 ladula
921 4507 980 4570 per
1003 4507 1054 4550 me
1085 4490 1160 4568 post
1184 4504 1329 4548 consum·

142 4603 271 4663 matum
296 4595 455 4664 calculum
479 4619 553 4664 cum
569 4601 589 4662 8
606 4597 662 4662 tal.
679 4595 886 4662 Renensibus
902 4595 936 4658 in
953 4598 1090 4674 moneta,
1113 4594 1192 4657 item
1211 4591 1259 4655 kr.
1278 4597 1328 4672 39,

143 4707 217 4774 (155.
244 4711 264 4771 2
289 4727 362 4772 cum
386 4726 450 4772 uno
474 4703 684 4793 Salispolensi
709 4710 742 4770 et
766 4709 785 4769 3
811 4701 1018 4766 Renensibus
1042 4700 1112 4767 flor.
1135 4701 1169 4764 in
1193 4719 1282 4767 auro,
