3324 5326
329 415 395 478 344

435 607 491 672 Ab
515 611 721 672 antecessore
745 625 816 668 meo
850 603 1025 668 admodum
1057 600 1235 666 reverendo
1270 608 1303 666 et
1336 602 1519 668 clarissimo

327 719 424 783 Dom.
448 715 613 782 Michaele
637 713 836 794 Hoimann0,
853 719 1083 778 sacrosanctae
1100 712 1284 795 theologiae
1300 711 1443 794 doctore,
1462 734 1517 778 ca-

184 813 188 822 *
291 799 298 812 ι
328 827 486 893 thedralis
519 823 673 890 ecclesiae
707 823 772 888 divi
796 819 957 906 Stephani
981 821 1240 903 chorimagistm,
1264 827 1397 906 praeter
1430 820 1521 886 hunc

328 937 449 1003 librum
472 935 556 1000 nihil
580 935 700 1018 accepi.

215 1035 291 1112 ¹i¹¹2
436 1044 500 1110 Die
535 1047 588 1108 28.
620 1041 704 1108 Maii
736 1061 853 1106 nomen
887 1061 982 1105 suum
1016 1041 1144 1105 nationi
1175 1039 1390 1123 Hungaricae
1424 1039 1521 1106 dedit

184 1103 252 1166 mal
266 1106 308 1152 28⁸
328 1152 476 1219 Joannes
509 1149 666 1216 Hoffman
699 1149 980 1215 Patschcoviensis
1005 1146 1148 1230 Silesius,
1183 1150 1306 1214 artium
1339 1171 1379 1214 ac
1411 1148 1522 1233 philo-

329 1261 463 1346 sophiae
487 1259 670 1340 studiosus3
695 1259 791 1324 solvit
816 1263 834 1322 3
860 1279 903 1322 cr.
957 1326 959 1332 ,

188 1359 290 1442 „¹⁶⁸³
436 1367 498 1434 Die
523 1371 574 1431 27.
598 1365 693 1432 Junii
724 1367 853 1431 nomine
887 1365 1028 1448 inclytae
1060 1367 1205 1432 nationis
1237 1365 1450 1450 Hungaricae
1486 1366 1521 1430 in

182 1439 244 1490 Jun.
263 1431 305 1476 ²⁷⁶
328 1475 408 1542 aede
432 1475 497 1541 divi
522 1472 682 1558 Stephani
705 1479 861 1539 consueta
884 1474 1091 1555 solennitate,
1118 1474 1271 1538 nimirum
1289 1495 1381 1538 sacro
1397 1475 1521 1540 missae

328 1585 436 1650 officio
460 1591 494 1648 et
518 1585 673 1666 oratione,
699 1583 900 1649 celebratum
924 1583 986 1649 fuit
1010 1582 1130 1650 festum
1155 1585 1260 1648 sancti
1277 1583 1433 1666 Ladislai,
1458 1607 1521 1670 pa-

329 1695 416 1759 troni
449 1692 555 1756 dictae
588 1691 740 1756 nationis.
771 1689 963 1757 Orationem
995 1691 1029 1755 in
1061 1689 1192 1755 laudem
1217 1691 1359 1756 eiusdem
1383 1693 1521 1776 patroni

328 1800 445 1866 habuit
469 1795 494 1862 J
496 1797 616 1863 acubus
633 1797 666 1862 N
668 1797 850 1881 iirnberger
868 1797 1076 1878 Viennensis,
1093 1797 1214 1862 artium
1237 1817 1276 1861 ac
1292 1797 1522 1882 philosophiae

328 1908 571 1974 baccalaureus.

435 2014 492 2081 Ad
525 2015 777 2082 celebrationem
809 2015 906 2080 huius
939 2013 1015 2080 festi
1058 2013 1311 2080 contribuerunt
1344 2020 1521 2098 sequentes

329 2129 555 2192 sacrosanctae
578 2123 761 2206 theologiae
785 2120 953 2188 doctores:

436 2230 625 2298 Admodum
642 2231 848 2313 reverendus,
873 2231 992 2298 nobilis
1009 2237 1043 2297 et
1059 2231 1260 2298 clarissimus
1276 2229 1373 2297 Dom.
1389 2232 1520 2298 Doctor

329 2341 510 2408 Balthazar
533 2339 701 2406 Scultetus
727 2345 742 2404 1
768 2339 799 2405 fl.

436 2449 628 2515 Admodum
645 2449 852 2530 reverendus,
876 2448 995 2514 nobilis
1013 2455 1046 2514 et
1062 2449 1260 2514 clarissimus
1278 2448 1374 2514 Dom.
1390 2449 1520 2514 Doctor

329 2559 495 2642 Casparus
519 2553 703 2639 Quorehins
731 2562 747 2621 1
773 2556 806 2622 fl.

437 2665 626 2731 Admodum
642 2665 850 2746 reverendus,
874 2665 994 2732 nobilis
1011 2672 1044 2731 et
1061 2665 1260 2732 clarissimus
1277 2665 1374 2734 Dom.
1390 2665 1520 2732 Doctor

330 2773 481 2842 Adamus
504 2773 632 2838 Berndt
656 2779 717 2839 etc.
741 2776 782 2838 45
809 2795 853 2838 or.

437 2881 626 2948 Admodum
642 2883 851 2966 reverendus,
876 2883 994 2949 nobilis
1012 2889 1046 2949 et
1062 2883 1262 2950 clarissimus
1279 2883 1376 2949 Dom.
1392 2883 1520 2949 Doctor
1651 2867 1652 2890 ³

329 2989 472 3056 Michael
497 2987 655 3054 Hoffman
681 2993 722 3053 36
748 3011 792 3054 cr.

437 3095 571 3162 Summa
595 3103 803 3180 acceptorum
827 3121 901 3164 cum
924 3098 1031 3164 tribus
1053 3100 1118 3164 illis
1135 3099 1314 3182 cruciferis,
1328 3120 1412 3184 qnos
1428 3099 1520 3166 dedit

329 3226 431 3288 supra
454 3205 637 3288 inscriptus,
662 3203 742 3270 facit
767 3210 785 3270 3
809 3205 843 3275 fl.
867 3211 909 3272 24
933 3229 978 3272 cr.

436 3331 503 3395 Pro
528 3328 746 3395 celebratione
770 3329 847 3396 festi
870 3333 976 3397 sancti
993 3331 1142 3398 Ladislai
1158 3333 1251 3398 dedi:
1275 3332 1412 3399 Cantori
1430 3334 1519 3417 apud

329 3442 477 3502 sanctum
511 3435 715 3520 Stephanum
751 3443 767 3502 1
802 3439 833 3504 fl.
868 3444 910 3504 24
943 3462 1005 3521 cr.;
1038 3442 1226 3524 organistae
1260 3445 1276 3506 l
1312 3441 1343 3506 fl.
1378 3446 1421 3506 14
1456 3465 1519 3522 cr.;

329 3567 388 3628 pro
411 3545 573 3610 locatione
597 3547 773 3614 cathedrae
800 3554 839 3614 15
864 3569 924 3630 cr.;
957 3549 1085 3632 pedello
1118 3551 1344 3616 universitatis
1380 3555 1423 3616 24
1457 3573 1518 3632 cr.;

330 3675 389 3736 pro
423 3653 596 3718 scribenda
627 3656 833 3722 intimatione
866 3657 909 3723 ad
943 3657 1064 3724 festum
1097 3659 1202 3726 sancti
1232 3657 1382 3724 Ladislai
1408 3663 1450 3724 12
1474 3683 1518 3724 cr.

331 3759 467 3828 Summa
491 3764 713 3845 expositorum
736 3765 817 3830 iacit
841 3769 859 3830 3
885 3765 916 3832 11.
942 3771 983 3833 39
1008 3789 1052 3832 cr.

186 3913 316 3968 tol.152²
440 3886 671 3953 Serenissimus
695 3889 855 3975 Princeps
872 3913 911 3958 ac
928 3893 1086 3974 dominus,
1110 3892 1205 3958 Dom.
1222 3893 1386 3959 Matthias
1402 3915 1518 3960 secun·

329 3996 398 4075 dus,
423 3995 618 4078 Hungariae
640 4017 707 4080 rex,
740 3999 900 4064 archidux
923 3997 1092 4082 Austriae,
1116 4001 1182 4066 dux
1206 4001 1421 4084 Burgundiae
1447 4010 1519 4085 etc„

329 4103 474 4168 marchio
491 4103 661 4170 Moraviae
678 4113 748 4188 etc,
765 4128 871 4172 comes
896 4107 1025 4192 Tyrolis
1042 4115 1111 4192 etc,
1135 4109 1220 4176 feria
1236 4109 1381 4176 secunda
1398 4109 1518 4177 Pente·

330 4217 444 4291 costes,
469 4231 554 4294 quae
578 4212 639 4278 hoc
662 4235 747 4279 anno
771 4215 886 4280 incidit
909 4216 943 4280 iu
963 4219 1014 4280 23.
1039 4215 1124 4282 diem
1148 4217 1240 4297 Maii,
1263 4217 1298 4282 in
1313 4238 1425 4301 regem
1450 4219 1517 4284 Bo-

331 4317 458 4384 hemiae
482 4317 611 4402 Pragae
628 4321 662 4385 in
678 4323 931 4406 metropolitana
948 4321 1083 4390 ecclesia
1106 4323 1181 4389 diro
1205 4324 1284 4392 Vito
1309 4347 1405 4392 sacra
1427 4349 1519 4392 coro·

215 4192 292 4249 1611,

186 4257 252 4322 maj.
273 4263 315 4310 23.

330 4431 439 4492 natur.
479 4427 618 4493 Moneta
651 4435 808 4512 argentea
841 4431 962 4497 ibidem
995 4433 1030 4497 in
1063 4433 1178 4517 urlgus
1216 4436 1394 4520 spargitur,
1431 4435 1518 4500 hanc

330 4535 454 4601 habens
470 4537 503 4599 in
528 4558 592 4601 uno
616 4537 719 4602 latere
743 4539 1004 4622 inscriptionem:
1032 4539 1217 4606 »Matthias
1239 4540 1290 4606 II.
1315 4541 1383 4608 Dei
1403 4540 1519 4627 pratia

332 4643 535 4724 Hucpcrioo
559 4665 619 4710 rea
643 4651 822 4710 coronatur
846 4647 885 4712 io
901 4667 1006 4732 repom
1030 4648 1208 4715 Bohemc'oe
1231 4669 1324 4716 auco
1341 4651 1439 4732 1611,
1462 4649 1518 4716 die
