3324 5326
349 457 412 532 216

288 749 289 760 ¹
451 659 640 750 Echag.
664 659 827 734 Osvaldus
850 662 1004 750 Sanamem
1021 661 1108 732 lacto
1133 658 1267 749 calculo,
1291 663 1411 751 reliqui
1436 685 1526 732 reue·

345 775 442 842 rabili
466 797 504 840 ac
528 773 697 840 excellenti
730 777 799 842 viro
832 775 928 842 Dom.
960 777 1159 843 Leonhardo
1192 776 1371 858 Dobrhost,
1405 777 1530 842 doctori

344 886 516 967 utriusque
545 884 638 967 juris,
672 886 849 950 successori
873 906 951 965 meo,
985 889 1027 948 10
1051 885 1120 950 flor.
1144 885 1362 970 Ungaricales
1386 887 1420 950 in
1446 907 1524 950 auro

344 1015 426 1078 puro
452 1001 487 1059 et
512 997 552 1058 14
576 993 647 1058 flor.
663 995 832 1060 Renenees
849 998 883 1058 et
906 998 924 1058 2
950 993 1032 1073 dem,
1056 994 1265 1078 presentibus
1288 993 1412 1059 ibidem
1436 1014 1529 1058 rene-

229 1175 296 1222 1523
344 1100 502 1168 rabilibus
526 1103 603 1166 viris
627 1101 718 1184 Mag.
740 1101 867 1167 Jacobo
891 1099 1115 1182 Transilvano,
1139 1099 1230 1184 Mag.
1263 1101 1445 1166 Melchiore
1468 1098 1529 1165 Ca-

198 1243 257 1310 apr.
278 1207 320 1292 23,
345 1211 493 1290 seniensi,
517 1231 603 1276 anno
629 1215 715 1278 1523
740 1211 824 1277 faria
848 1217 968 1294 quarta
991 1215 1069 1276 ante
1092 1209 1213 1276 festum
1236 1208 1385 1294 Georgii.

875 1355 956 1416 (1523
975 1354 1010 1414 Id

448 1460 622 1528 Prefatam
638 1483 796 1528 summam
815 1466 854 1527 10
871 1461 940 1528 flor.
957 1461 1205 1546 Ungaricah'um
1220 1463 1255 1526 in
1271 1483 1352 1528 auro
1368 1467 1402 1528 et
1420 1467 1461 1528 14
1479 1470 1526 1528 ta·

344 1569 514 1650 lentorum,
525 1573 544 1634 2
555 1571 626 1635 den.
643 1575 747 1635 'testor
759 1592 818 1654 ego
836 1569 1102 1634 Leonardus
1118 1569 1355 1634 Dobrohoa
1368 1577 1390 1651 t,
1407 1572 1529 1635 artium

344 1685 377 1755 et
398 1678 481 1761 juris
505 1679 676 1762 utriusque
700 1678 824 1760 doctor,
857 1678 919 1744 hoc
952 1677 1180 1762 chyrographo
1212 1698 1263 1742 me
1296 1677 1339 1742 ab
1363 1699 1435 1743 meo
1457 1701 1530 1762 pre·

345 1785 513 1850 nominato
537 1793 745 1852 antecessore
769 1787 964 1870 percepisse,
989 1785 1041 1850 die
1066 1789 1100 1852 et
1123 1785 1264 1851 testibus
1287 1787 1530 1870 suprascriptis.

452 1895 613 1978 Exposita
628 1895 662 1959 iu
671 1895 861 1978 procuratio
872 1894 1025 1960 Doctoris
1036 1892 1203 1960 Leonardi
1218 1893 1427 1959 Dobrohost:
1444 1893 1530 1958 Item

344 2001 612 2067 Predicatoribus
635 2013 705 2085 pro'
718 2002 836 2085 vigiliis
871 2007 904 2066 et
938 2003 1037 2067 missa
1070 2000 1299 2066 defunctorum
1333 2007 1351 2066 3
1377 2001 1435 2066 sol.
1459 1999 1532 2066 den.

344 2108 431 2174 Item
455 2109 591 2194 pedellis
617 2113 659 2173 28
683 2110 755 2174 deu.
770 2108 858 2173 Item
871 2131 931 2192 pro
949 2113 1092 2192 quatuor
1108 2107 1376 2174 iutimacionibus
1401 2113 1441 2173 16
1459 2108 1531 2173 den.

198 2185 322 2316 3,,ξῖξῇ
345 2217 432 2282 Item
455 2219 489 2282 in
505 2217 558 2282 die
575 2217 723 2284 Ladislai
747 2239 806 2302 pro
822 2219 921 2284 missa
936 2223 958 2282 4
976 2217 1032 2284 sol.
1049 2218 1120 2283 den.
1137 2217 1225 2282 Item
1241 2216 1378 2302 pedellis
1396 2220 1439 2280 28
1457 2217 1529 2281 den.

199 2323 248 2376 fol.
272 2325 336 2377 nob
452 2326 526 2410 Ego
537 2326 728 2392 Leonardus
739 2325 938 2408 Dobrohost,
948 2328 1070 2392 artium
1082 2326 1209 2410 etjuris
1219 2325 1391 2409 utriusque
1407 2325 1532 2404 doctor,

345 2433 434 2500 facto
457 2435 585 2500 nationi
608 2435 742 2514 calculo,
767 2435 901 2518 singulis
925 2436 1131 2520 computatis,
1164 2434 1240 2499 dedi
1263 2440 1296 2498 et
1319 2433 1438 2516 reliqui
1460 2455 1531 2498 suc·

345 2543 465 2608 cessori
500 2564 582 2624 meo,
615 2541 795 2608 venerabili
828 2563 867 2607 ac
899 2543 1031 2626 egregio
1064 2543 1133 2608 viro
1165 2541 1257 2624 Mag.
1289 2539 1527 2624 Christophoro

346 2649 464 2731 Obitzl,
489 2652 643 2717 canonico
667 2651 841 2734 Brunensi,
868 2655 908 2715 10
932 2650 1001 2714 flor.
1026 2649 1242 2733 Ungaricales
1265 2651 1300 2714 in
1324 2670 1406 2714 auro
1430 2655 1462 2714 et
1488 2653 1530 2712 14

346 2759 471 2824 talenta
495 2759 567 2824 den.
592 2759 697 2824 minus
723 2762 764 2822 14
789 2757 869 2838 den,
901 2757 1109 2842 presentibus
1142 2757 1265 2822 ibidem
1289 2755 1532 2822 venerabilibus

346 2868 423 2932 viris
447 2867 536 2949 Mag.
577 2866 757 2931 Melchiore
791 2864 874 2932 Ohal
908 2864 1137 2932 Oaschoviensi
1178 2871 1213 2930 et
1253 2864 1342 2948 Mag.
1384 2861 1527 2929 Osraldo

344 2971 488 3038 Sawmer
513 2985 546 3039 ct
570 2974 660 3054 Mag.
685 2972 840 3039 Iohanne
858 2971 1043 3056 Aurifabri,
1061 2995 1145 3040 auno
1168 2971 1302 3038 Domini
1327 2976 1423 3052 1523,
1447 2969 1530 3036 feria

198 3051 324 3169 ,0112ῗῇ
344 3083 444 3146 tertia
467 3089 544 3146 ante
565 3083 715 3150 Martini,

865 3173 945 3234 (1523
964 3171 1013 3231 IIJ

450 3279 497 3346 nt
507 3303 566 3365 ego
577 3282 743 3366 predictus
758 3281 797 3346 M
807 3303 827 3346 a
837 3303 866 3364 g.
876 3279 1237 3365 'Christophorus
1252 3299 1448 3362 recognosco
1457 3300 1530 3362 pre-

345 3391 428 3456 senti
451 3413 550 3456 manu
573 3413 646 3455 mea
672 3412 831 3455 summam
846 3389 983 3472 pecunie
1008 3389 1041 3454 iu
1064 3410 1146 3454 auro
1171 3394 1204 3453 et
1221 3391 1359 3469 argento
1376 3392 1530 3470 utsupra

347 3499 538 3583 percepisse,
562 3499 767 3584 presentibus
791 3499 912 3564 ibidem
935 3499 1098 3582 eggregiis
1122 3520 1159 3563 ac
1185 3494 1427 3561 venerabilibus
1452 3495 1529 3559 viris

200 3575 325 3696 „ffi’g
344 3605 511 3690 predictis,
535 3629 620 3673 anno
645 3616 679 3672 et
702 3605 755 3672 die
778 3605 897 3691 quibus
921 3629 1030 3690 supra.

452 3718 525 3799 Ego
550 3715 807 3800 Christophorus
823 3715 950 3797 Abiczh
974 3716 1096 3780 artium
1119 3715 1283 3796 magister,
1309 3719 1448 3795 peracto
1464 3711 1529 3776 cal-

343 3825 425 3906 cula,
448 3825 566 3908 reliqui
591 3827 769 3890 successori
791 3845 871 3904 mec,
895 3822 1074 3888 venerabili
1098 3842 1137 3886 ac
1158 3822 1313 3905 eggregio
1337 3821 1408 3884 viro
1435 3819 1526 3901 Mag.

342 3931 444 3998 Petro
459 3929 652 4016 Sempronio
679 3939 719 3998 10
735 3931 804 3996 flor.
821 3929 1038 4012 Ungaricales
1055 3931 1088 3994 in
1105 3950 1185 3994 auro
1202 3934 1236 3993 et
1253 3932 1293 3993 13
1311 3927 1440 3992 talenta
1456 3925 1528 3990 den.

344 4061 382 4106 ac
398 4045 442 4105 50
458 4061 512 4121 cu,
529 4041 736 4124 presentibus
751 4039 873 4105 ibidem
885 4037 1128 4104 venerabilibus
1145 4037 1224 4101 viris
1240 4034 1330 4118 Mag.
1348 4033 1530 4100 Melchiore

342 4145 437 4214 Khal
461 4145 698 4213 Oaschoviensi
722 4153 756 4212 et
779 4147 869 4229 Mag.
894 4145 1038 4211 Osraldo
1063 4143 1207 4210 Sawmer
1232 4149 1265 4208 et
1282 4141 1373 4226 Mag.
1397 4141 1530 4206 Ioanne

342 4255 525 4338 Aurifabri,
549 4279 634 4322 anno
667 4249 801 4320 Domini
828 4258 922 4335 1524,
947 4255 1053 4338 prima
1076 4253 1168 4332 Maii,
1200 4273 1265 4334 que
1297 4250 1363 4315 fuit
1386 4251 1419 4314 in
1444 4249 1530 4314 festo

202 4335 313 4466 mltissi’
343 4366 578 4450 Apostolorum
603 4364 749 4448 Philippi
773 4369 805 4428 et
828 4361 957 4428 Jacobi.

874 4489 954 4549 (1524
973 4485 1007 4548 Id

357 4563 359 4568 V
451 4599 522 4685 Ego
546 4601 656 4684 Mag.
679 4601 844 4665 Petrus
867 4596 1100 4682 Sandperg
1124 4601 1227 4661 testor
1251 4588 1337 4680 [per]
1362 4594 1531 4678 proprium

344 4711 604 4798 chyrographum
646 4731 753 4774 meum
785 4709 967 4793 percepisse
1001 4727 1159 4772 summam
1194 4725 1294 4788 supra
1327 4707 1471 4766 notatam
1508 4723 1528 4768 a
