3296 5328
1295 455 1336 516 47

148 655 252 719 citaris
284 653 490 720 matriculam
523 655 696 739 inscripsit,
730 655 860 737 insuper
886 659 904 716 6
929 677 971 717 or.
996 653 1028 718 in
1054 671 1185 737 capsam
1211 656 1337 739 pretato

148 765 298 828 nacionis
322 763 420 828 dedit.

257 869 343 936 Item
367 871 457 953 Mag.
481 871 637 937 Nicotaus
661 871 702 936 de
727 870 864 952 Baboth,
890 871 981 936 dedit
1006 877 1048 936 20
1072 872 1144 936 den.

258 977 341 1042 Item
367 978 457 1060 Mag.
481 979 625 1044 Michael
650 1000 689 1044 ex
713 978 864 1058 Jaurino,
889 977 981 1042 dedit
1005 984 1047 1043 20
1073 979 1142 1043 den

259 1101 355 1186 1496,
379 1103 468 1187 Mag.
493 1103 663 1170 Serracius
687 1105 773 1170 Beer
797 1103 1002 1186 Ueronensis,
1020 1113 1166 1190 tempore
1182 1128 1246 1190 qno
1266 1107 1337 1172 offi-
1365 1100 1412 1153 101·
1434 1101 1482 1152 3⁶¹¹

144 1215 233 1278 cium
266 1215 490 1297 procuratoris
523 1214 634 1280 inclite
668 1215 811 1279 nacionis
840 1214 1006 1296 Paganica
1030 1221 1265 1296 manuteneret,
1289 1217 1336 1280 in·
1367 1180 1433 1224 1496
1456 1175 1485 1224 11

144 1323 292 1405 scriptus
317 1327 368 1385 est
390 1323 528 1405 ipsemet
551 1323 679 1387 nationi
703 1323 839 1406 prefate
855 1329 888 1386 et
912 1323 1000 1387 dedit
1029 1329 1067 1388 16
1093 1324 1165 1388 den.

255 1429 347 1510 Mag.
372 1428 532 1511 Georgius
556 1428 693 1494 Mandel
717 1430 932 1506 Posoniensis,
957 1434 999 1496 24
1024 1431 1095 1494 den
1128 1431 1228 1496 dedit.

256 1535 346 1618 Mag.
371 1536 492 1602 Petrus
515 1531 741 1601 Thonhansser
766 1559 805 1600 ex
827 1534 965 1618 Oibinio,
991 1543 1033 1602 20
1058 1539 1130 1602 dom

255 1641 346 1725 Mag.
371 1641 556 1726 Stephanus
581 1643 750 1708 Γ1111111111·
775 1665 814 1708 ex
839 1643 973 1724 Thirna,
997 1645 1088 1710 dedit
1114 1652 1132 1710 2
1158 1669 1205 1728 gr.

256 1749 347 1832 Mag.
373 1751 495 1815 Paulus
519 1749 673 1815 Penkner
697 1773 735 1813 ax
759 1748 897 1830 Corona,
921 1751 1013 1815 dedit
1036 1775 1084 1834 gr.
1109 1758 1138 1815 2.

256 1871 352 1940 Anno
377 1876 510 1941 Domini
531 1880 624 1958 1491,
642 1877 731 1960 Mag.
747 1875 885 1942 Nicolao
910 1878 949 1942 de
974 1876 1116 1942 daurino
1133 1877 1245 1944 iuncto
1262 1901 1336 1962 pro·
1375 1882 1445 1928 1497
1466 1881 1479 1928 Ι

140 1984 308 2048 curatoris
326 1983 442 2061 officia,
458 1985 615 2049 intitulati
632 1991 708 2050 sunt
724 1986 875 2068 magistri
890 1991 1073 2068 prestantes
1094 1987 1285 2052 infranotati
1304 1994 1337 2051 et

140 2091 270 2170 primus
293 2113 352 2174 pro
376 2094 557 2157 nmtacione
587 2095 732 2156 estivali:

253 2195 345 2280 Mag.
369 2197 526 2264 Nicolaus
550 2197 692 2262 Pictoris
716 2222 755 2264 ex
780 2199 995 2284 Sohespurga,
1020 2199 1111 2264 dedit
1137 2201 1156 2264 2
1181 2223 1228 2284 gr.

254 2305 344 2388 Mag.
368 2305 534 2371 Martinus
558 2329 599 2371 ex
621 2303 759 2387 Oibinio.
784 2307 876 2372 dedit
901 2313 941 2372 16
965 2309 1037 2372 den.

253 2411 344 2496 Mag.
368 2413 538 2478 Johannes
563 2415 602 2478 de
626 2415 779 2494 Molrach,
804 2413 894 2479 dedit
920 2419 962 2479 24
987 2415 1057 2479 den.
1075 2417 1141 2482 Hic
1157 2415 1334 2483 Paduanns

140 2519 261 2585 doctor
284 2519 412 2586 Vienna
437 2544 496 2606 pro
520 2523 589 2586 loco
614 2521 742 2606 publice
767 2523 936 2606 respondit
959 2546 998 2588 ac
1022 2524 1192 2607 privilegio
1226 2525 1334 2590 docto-

138 2651 216 2693 rum
242 2631 365 2693 arcium
390 2629 519 2695 functus
544 2631 671 2715 publice
696 2631 832 2695 utilitati
857 2632 999 2695 omnium
1020 2631 1238 2698 studiosorum
1263 2634 1333 2716 pln-

139 2739 265 2802 rimum
295 2720 417 2822 profuit
429 2735 464 2820 ¹).

255 2857 351 2927 Anno
375 2864 507 2930 Domini
528 2866 1089 2948 1491111111...11111111111110111111110
1108 2870 1331 2950 procuratoris
1368 2898 1434 2942 1497
1455 2895 1482 2944 11

138 2971 254 3036 officio
268 2972 292 3046 ¹)
317 2973 475 3054 srrrrgenti,
500 2973 685 3038 intitulatus
709 2981 759 3038 est
782 2971 876 3037 Dom.
900 2975 1057 3055 magister
1085 2975 1331 3059 infrascriptos:
1436 3008 1437 3012 ¹

253 3078 343 3161 Mag.
367 3079 520 3144 Andreas
544 3079 705 3160 Mayxner
729 3103 767 3144 ex
791 3077 982 3161 Cremonis,
1007 3087 1039 3144 at
1064 3081 1155 3146 (ledit
1188 3081 1259 3145 don.
1292 3087 1331 3144 18

137 3184 264 3253 Vienn.

254 3306 348 3374 Anno
371 3309 503 3376 Domini
531 3317 614 3378 1500
639 3313 729 3394 Mag.
762 3313 903 3378 Miclrael
929 3313 969 3378 de
993 3315 1222 3394 Premartlron,
1253 3314 1328 3378 1111111
1362 3329 1426 3372 1500
1450 3326 1479 3374 ΙΙ

137 3419 288 3484 officium
321 3427 451 3501 gereret
483 3423 751 3503 procuratorium,
784 3443 818 3486 se
852 3423 956 3506 ipsum
981 3421 1171 3501 intitulavit,
1203 3428 1236 3485 et
1275 3422 1330 3485 dc—

136 3528 191 3592 dit
217 3532 236 3590 3
270 3550 317 3610 gr.

252 3634 342 3720 Mag.
375 3633 629 3719 Christophorns
662 3637 799 3702 Abiozel
832 3658 872 3701 ex
904 3635 1124 3718 Wolfriamicz,
1146 3637 1248 3702 'dedit
1290 3641 1328 3699 10

137 3735 257 3828 [rien]
474 3777 477 3782 ·

253 3849 341 3935 Mag.
364 3849 520 3917 Mathens
545 3851 584 3916 de
609 3852 785 3936 Zagrabia,
809 3853 899 3916 dedit
922 3853 992 3918 den.
1018 3856 1068 3916 16.

253 3959 342 4042 Mag.
365 3959 514 4026 Jacobns
538 3983 577 4026 ex
601 3958 857 4044 Clausenbnrga,
882 3960 972 4024 dedit
996 3960 1059 4025 den
1086 3964 1136 4023 16.

252 4079 347 4150 Anno
371 4085 505 4151 Domini
531 4090 625 4166 1501,
650 4086 701 4150 die
726 4085 872 4152 Tibnrcii
897 4095 929 4151 et
952 4086 1123 4152 Valeriani
1146 4086 1327 4166 martirum,
1363 4099 1469 4180 ,111111

134 4195 265 4260 eiectus
289 4195 387 4257 estin
403 4199 650 4276 procuratorem
666 4192 756 4276 Mag.
773 4191 903 4278 Gaspar·
920 4193 1131 4276 Fridwnrger
1149 4215 1187 4256 ex
1205 4192 1329 4257 Rosea·
1357 4185 1415 4234 apr.
1438 4176 1477 4221 ¹⁴·

133 4301 253 4385 bergk,
279 4303 311 4366 in
334 4303 426 4366 cuius
450 4301 639 4386 procuratis
662 4302 822 4368 intitulati
846 4309 922 4366 sunt
938 4301 1137 4386 infrascripti
1161 4300 1328 4384 magistri:

251 4409 341 4492 Mag.
365 4407 572 4493 Augustinus
595 4409 739 4492 Magnus
764 4409 811 4474 de·
829 4409 982 4490 Dachaw,
1007 4409 1098 4474 dedit
1122 4413 1160 4473 21
1188 4409 1259 4472 den.

134 4551 354 4564 ——-—-——-—a

254 4623 274 4682 ¹)
293 4618 499 4690 Hicssprofuit
518 4619 633 4674 1111611111
652 4621 701 4674 ker.
720 4622 837 4690 pdtlasa.

251 4715 271 4778 ¹)
290 4711 458 4764 Keairntban
480 4711 566 4780 oficio.
