3296 5328
309 369 434 428 76*

167 569 232 615 1777
254 569 265 616 1
415 558 510 627 rinno
534 561 666 636 Domini
693 563 786 636 1476,
810 559 871 624 sub
889 559 1077 644 procuratis
1097 553 1351 638 Map'badislai
1368 555 1491 634 Drang-

246 673 249 682 ,
305 670 394 754 uilag
418 693 458 735 ex
482 670 679 754 Posegaunr,
704 676 780 734 sunt
804 669 963 735 intitulati
986 665 1163 736 bandalarii
1183 664 1400 747 infrascripti:

413 778 506 846 Dom.
523 779 667 846 Michael
684 777 723 842 de
733 777 969 862 Mathuchyna,
987 771 1490 856 7717771777-777177171177117717-

305 887 633 971 7177177111337.Ἰ

354 1072 357 1080 y
412 995 558 1062 dacobus
582 995 621 1060 de
645 995 810 1076 Rodeltal,
834 995 924 1062 dedit
948 999 966 1060 2
992 1017 1039 1078 gr.

411 1104 578 1169 Martinus
603 1101 779 1168 Pannifieis
804 1103 844 1168 de
868 1103 1085 1186 Rosiunberg,
1110 1101 1201 1166 dedit
1225 1106 1243 1163 8
1269 1099 1341 1162 deu.

334 1277 336 1284 .
412 1213 582 1280 Jobanues
608 1213 746 1278 Mizlaor
771 1213 811 1278 de
835 1213 971 1298 Iglavia,
995 1212 1153 1278 deditis
1177 1211 1250 1276 den.

413 1322 663 1388 Bernhardinus
687 1321 857 1388 Leslruuer
881 1323 922 1387 de
945 1321 1090 1404 Brunca,
1109 1319 1237 1386 dedito
1258 1319 1328 1384 den.
1420 1395 1422 1400 Ι
1498 1350 1500 1398 7

411 1430 607 1498 Ambrosius
631 1430 747 1514 Malylr
772 1430 812 1495 717
836 1429 950 1515 Lipch,
975 1429 1066 1494 dedit
1089 1434 1109 1492 8
1134 1429 1206 1494 den.

411 1536 590 1619 Gregorius
615 1537 789 1604 Poliatoris
814 1559 852 1602 ex
877 1535 1012 1616 Oibinio,
1036 1535 1128 1603 dedit
1154 1539 1194 1598 10
1219 1535 1291 1600 den.

165 1674 230 1722 1476
245 1671 271 1717 11
411 1662 506 1732 Auno
522 1666 652 1732 Domini
672 1671 765 1748 1476,
783 1666 842 1732 sub
859 1666 1051 1749 procuracia
1066 1664 1157 1746 Mag.
1180 1661 1346 1728 Autlronii·
1357 1661 1488 1743 Pognsr

304 1775 343 1840 de
367 1773 507 1858 Corona,
531 1776 707 1858 subscripti
731 1775 889 1841 intitulati
913 1774 1107 1840 baccalarii:

371 1933 372 1937 ,
411 1883 606 1951 Valentinus
630 1883 771 1950 szinelr
797 1907 835 1948 ex
859 1883 989 1964 Petseb,
1015 1882 1110 1948 dedit·
1130 1882 1201 1948 den.
1232 1885 1284 1945 18.

411 1991 607 2059 Valentinus
632 1993 671 2058 de
695 1993 817 2074 Bblreu,
842 1991 934 2057 dedit
959 1991 1029 2056 den.
1056 1997 1112 2056 7ss

164 2099 263 2170 11777
411 2113 455 2182 171
479 2118 531 2183 die
557 2119 705 2184 'l’iburcii
729 2125 763 2183 et
787 2117 957 2186 Valeriani
983 2117 1028 2182 sui
1049 2117 1171 2183 electus
1190 2119 1225 2182 in
1241 2123 1508 2202 procuratorem·

303 2225 446 2291 nacionis
469 2222 644 2308 Hungarie
668 2247 726 2309 ego
743 2226 833 2309 Mag.
851 2225 993 2291 Michael
1011 2226 1050 2290 de
1069 2223 1283 2310 Schespurelr,
1303 2229 1337 2288 et
1353 2223 1488 2288 fuerunt

303 2332 463 2398 intitulati
487 2333 663 2398 baccalarii
688 2333 871 2418 subscripti,
898 2338 1001 2399 1477:

408 2439 589 2526 Gregorius
614 2443 653 2507 de
676 2439 773 2524 Occu,
798 2443 888 2508 dedit
913 2450 931 2508 2
957 2465 1003 2525 gr.

163 2554 272 2604 117717
409 2544 852 2628 17171ο11717117117711117717717
886 2550 1212 2635 quadringentesimo
1246 2553 1489 2634 septuagesimo

302 2663 425 2736 octavo,
450 2657 589 2740 hyemali
614 2665 770 2742 tempore,
794 2682 858 2742 quo
882 2659 975 2742 Mag.
1006 2658 1238 2724 Wenczeslaus
1267 2658 1308 2724 do
1332 2655 1498 2725 Budweiss·

301 2768 524 2847 procuratoris
548 2767 660 2832 inclite
684 2769 827 2832 nacionis
853 2767 1016 2850 Ungariee
1041 2768 1145 2833 locum
1170 2774 1304 2862 teperet,
1336 2770 1487 2852 incorpo-

302 2874 366 2937 ruti
390 2878 468 2937 sunt
481 2874 608 2939 nacioni
625 2875 770 2960 predicto
787 2875 961 2941 baccalarii
979 2875 1165 2960 subscripti,
1182 2897 1268 2942 anno
1285 2874 1337 2940 Μο
1360 2873 1487 2942 00000

303 2979 434 3044 lxxvii⁰z

410 3087 612 3154 Lauroneius
637 3089 676 3154 de
701 3089 902 3170 Pronnaea,
927 3091 1016 3156 dedit
1042 3096 1057 3154 7
1084 3092 1155 3158 deu.
1180 3091 1311 3158 Wienn.

164 3208 264 3256 14777
411 3192 504 3261 Anno
528 3196 660 3262 Domini
685 3183 885 3263 1110111100ο
909 3200 1147 3282 septuagesimo
1171 3205 1293 3281 octavo,
1319 3199 1379 3266 sub
1412 3220 1488 3284 pro-

304 3305 435 3369 curacia
451 3303 540 3388 Mag.
556 3303 733 3372 Clementis
757 3307 796 3371 de
822 3308 989 3391 ndoryan,
1013 3308 1190 3373 baecal‘arii
1214 3308 1259 3392 hii
1280 3315 1357 3372 sunt
1376 3308 1489 3372 intitu-

302 3412 361 3476 lati
387 3413 580 3497 subscripti:

411 3518 592 3602 Gregorius
617 3522 657 3587 de
679 3501 791 3604 ¹Pesth,
816 3523 907 3588 dedit
931 3545 978 3606 gr.
1005 3530 1032 3589 1.

411 3629 567 3695 Nicolaus
590 3629 631 3694 de
654 3631 779 3714 Egegh,
804 3631 893 3696 dedit
917 3653 963 3714 gr.
991 3639 1017 3698 1.
1053 3661 1055 3664 ·

410 3737 589 3803 Nicolauus
614 3735 651 3821 (l)
668 3763 706 3804 ex
724 3738 902 3822 Segediuo,
918 3762 979 3824 suav
999 3763 1038 3805 ex
1054 3744 1167 3807 innata
1182 3742 1379 3811 liberalitate
1396 3744 1488 3809 dedit

301 3845 440 3910 solidum
465 3847 536 3911 deu.

409 3955 578 4022 Gorardus
603 3957 643 4022 de
667 3956 853 4039 Naghlaak,
878 3956 968 4022 druiit
991 3959 1107 4024 inuata
1131 3982 1169 4023 ex
1193 3961 1363 4026 lronestate
1386 3967 1488 4044 atque

301 4061 546 4144 magnificencia
571 4065 709 4130 solidum
735 4066 806 4130 den.

408 4169 575 4235 Martinus
599 4171 694 4255 Jugh
719 4172 758 4237 de
783 4170 904 4238 Sauoto
928 4173 1080 4257 (taorgio,
1115 4173 1205 4240 dedit
1238 4175 1308 4240 den.
1344 4181 1371 4258 7,
1403 4177 1487 4242 alias

300 4299 456 4359 grossum.

147 4393 258 4453 fotssb
408 4381 503 4450 Anno
542 4386 674 4453 Domini
716 4391 809 4452 1479.
850 4389 908 4453 sub
945 4393 1138 4473 procuraeia
1176 4391 1266 4474 Mag.
1282 4380 1288 4396 ⁸
1305 4391 1488 4476 Augustini

150 4475 225 4522 ¹⁴⁷9·
247 4476 267 4522 ¹⁸
299 4489 415 4558 Hilslro
449 4493 488 4556 de
512 4495 656 4576 1177771777,
680 4503 756 4560 sunt
781 4498 939 4561 intitulati
965 4498 1141 4562 barualarii
1165 4500 1376 4584 infrascripti,
1400 4507 1485 4568 tenr-

299 4623 377 4684 77777
403 4601 545 4666 estivali:
