3324 5326
564 647 566 650 ’
675 659 754 723 (rsus
775 657 808 723 1.)

254 778 349 850 Anno
377 787 473 868 1613,
496 789 530 852 in
553 786 639 853 festo
664 787 812 856 divorum
838 787 983 855 Tiburtii
1007 796 1041 856 et
1064 791 1245 875 Valeriani,
1269 814 1328 877 ego
1349 779 1397 836 f⁰¹·
1414 788 1478 848 ¹⁵4?

142 894 242 978 Mag.
266 896 462 980 Georgius
486 896 609 980 Klesl,
630 898 714 982 juris
739 899 910 982 utriusque
934 897 1176 981 baccalaureus,
1199 903 1233 966 in
1256 923 1330 986 pro·
1351 863 1473 997 gplrili’g

139 1011 330 1073 curatorem
353 1007 494 1090 inclytae
518 1007 661 1072 nationis
686 1007 901 1091 Hungaricae
925 1008 1046 1074 electus
1069 1009 1125 1090 fui,
1150 1010 1329 1095 eodemque

139 1117 194 1182 die
211 1139 271 1182 nos
287 1121 430 1200 quatuor
445 1117 617 1182 nationum
634 1122 866 1200 procuratores
877 1117 910 1181 in
927 1116 1105 1182 Rectorem
1118 1118 1329 1209 *magnifieum

138 1227 238 1293 huius
254 1225 472 1310 antiquissimi
488 1225 739 1308 archigymnasii
766 1225 922 1310 elegimus
939 1232 972 1290 et
988 1225 1117 1309 publice
1134 1229 1329 1310 pronuncia-

139 1336 248 1399 vimus
271 1335 413 1400 nobilem
429 1339 463 1400 et
480 1334 695 1400 clarissimum
721 1333 1095 1417 excellentissimumque
1111 1336 1216 1400 virum
1233 1336 1329 1402 Dom.

139 1443 231 1526 Mag.
255 1440 425 1508 Andream
449 1441 598 1524 Lechler,
623 1441 751 1508 scholae
777 1441 983 1524 provincialis
1006 1445 1175 1508 rectorem.

250 1551 306 1618 Ab
331 1559 536 1619 antecessore
560 1573 631 1619 meo
647 1552 821 1618 admodum
845 1549 1025 1618 reverendo
1048 1551 1151 1618 nobili
1167 1559 1200 1620 et
1217 1555 1329 1621 claris-

140 1661 222 1726 simo
239 1661 335 1726 Dom.
352 1661 515 1728 Michaele
531 1660 717 1741 Hoffmann,
739 1665 970 1726 sacrosanctae
986 1659 1171 1744 theologiae
1187 1663 1328 1745 doctore,

139 1767 340 1834 cathedralis
363 1769 515 1834 ecclesiae
532 1768 597 1834 divi
615 1767 778 1853 Stephani
802 1767 1062 1851 chorimagistro,
1087 1775 1220 1852 praeter
1244 1771 1329 1838 hunc

139 1875 261 1941 librum
284 1875 367 1942 nihil
399 1879 519 1961 accepi.
543 1875 612 1943 Sub
636 1897 709 1942 mea
733 1877 924 1960 procuratia
946 1897 1042 1941 nemo
1066 1883 1117 1942 ast
1142 1879 1328 1964 inscriptus.

249 1985 375 2051 Eodem
398 1987 549 2052 semestri
574 1987 693 2066 Tusca,
725 1985 908 2052 Christiani
931 1987 1075 2080 nominis
1100 1987 1210 2070 hostis,
1237 1989 1328 2072 pacis

139 2095 306 2161 vinculum
323 2118 396 2160 curn
413 2097 618 2162 serenissimo
634 2102 667 2162 et
683 2095 908 2178 potentissimo
925 2095 1054 2160 domino
1071 2094 1166 2160 Dom.
1182 2095 1329 2162 Matthia

140 2203 294 2284 secundo,
326 2225 405 2287 rege
437 2203 641 2287 Hungarias,
666 2201 746 2269 duce
778 2203 993 2287 Burgundios
1018 2208 1079 2268 etc.
1113 2209 1328 2287 contractum,

139 2311 314 2394 perfidiose
337 2313 471 2379 violavit
503 2314 719 2398 civitatesque
744 2311 871 2397 aliquot
895 2311 980 2376 alam
1004 2331 1182 2395 occupasse
1215 2312 1328 2378 audie-

138 2419 250 2502 batur,
274 2443 338 2504 quo
362 2425 469 2486 motus
493 2422 725 2487 invictissimus
748 2422 938 2504 Imperator
962 2417 1327 2504 militemjeonscribero

136 2527 247 2610 jussit,
271 2527 546 2612 Transylvaniam
569 2551 685 2595 versus
708 2529 913 2598 mittendum.
996 2583 998 2588 ,

246 2638 290 2703 In
314 2638 426 2704 eodem
451 2661 581 2724 quoque
604 2641 706 2724 pestis
731 2640 877 2723 graviter
901 2639 1046 2721 grassari
1069 2623 1185 2726 coepit,
1217 2662 1237 2706 a
1261 2662 1327 2725 qna

139 2746 258 2811 civitas
282 2745 414 2813 Vienna
438 2749 642 2832 aliquamdiu
665 2748 770 2812 libera
792 2747 865 2813 fuit.

248 2853 390 2920 Nomine
422 2857 563 2941 inclytae
597 2857 739 2949 nationis
764 2855 979 2938 Hungaricae
1003 2856 1035 2920 in
1060 2855 1140 2922 aede
1165 2856 1231 2921 divi
1256 2853 1328 2922 Ste-

136 2963 239 3048 phani
273 2971 432 3031 consueta
464 2967 669 3048 solennitate,
702 2967 854 3032 videlieet
886 2986 980 3030 sacro
1013 2967 1131 3033 missae
1165 2965 1271 3032 officio
1295 2972 1328 3032 et

136 3073 295 3152 oratione,
329 3071 531 3138 celebratum
564 3073 628 3138 fuit
660 3072 781 3140 festum
813 3071 919 3137 sancti
943 3068 1099 3136 Ladislai.
1133 3070 1326 3138 Orationem
1343 3053 1486 3183 jfi2⁶¹2³÷

137 3179 256 3244 habuit
288 3181 321 3244 in
344 3179 476 3246 laudem
501 3181 647 3248 eiusdem
671 3182 803 3265 patroni
826 3179 983 3246 Nicolaus
1007 3179 1114 3246 Ballra
1137 3178 1326 3265 Hungarus,

137 3289 263 3363 artium
288 3293 321 3354 et
343 3289 567 3374 philosophiae
590 3291 834 3356 baccalaureus.

579 3413 726 3498 Auxilio,
751 3415 894 3482 consilio.

650 3541 760 3625 Mag.
784 3539 1009 3625 Georgius
1032 3539 1164 3608 Klesl
1186 3561 1228 3606 m.
1251 3563 1282 3626 p.

652 3719 734 3782 (1613
753 3720 801 3782 Π.)

245 3837 342 3910 Anno
361 3849 457 3926 1613,
473 3867 534 3929 ego
550 3845 577 3912 J
586 3868 750 3914 oannes
774 3849 1025 3929 Maternus,
1048 3849 1273 3932 philosophiae
1292 3853 1325 3914 et
1343 3822 1474 3964 f⁰}6¹l{’4b

135 3953 317 4018 medicinae
341 3953 465 4036 doctor,
488 3953 650 4021 Nissenus
677 3953 824 4030 Silesius,
856 3957 890 4021 in
914 3963 1160 4040 procuratorem
1183 3956 1325 4040 inclytae
1348 3969 1405 4022 okt.
1428 3977 1469 4022 13.

135 4061 278 4126 nationis
301 4061 539 4146 Hungarornm
570 4064 693 4130 electus
728 4086 799 4129 sum
822 4065 857 4130 in
881 4065 964 4130 festo
990 4065 1055 4130 divi
1079 4063 1237 4147 Colmani,
1261 4066 1325 4131 Re·

135 4175 224 4236 ctore
248 4169 422 4254 magnifico
445 4179 556 4238 creato
579 4174 758 4239 reverendo
784 4179 817 4238 et
835 4173 937 4238 nobili
953 4175 1022 4238 viro
1046 4171 1143 4237 Dom.
1166 4173 1326 4256 Puchero,

134 4285 363 4345 sacrosanctae
387 4279 572 4364 theologiae
596 4278 730 4346 doctore
754 4285 787 4345 et
811 4279 954 4363 parocho
979 4281 1022 4346 ad
1046 4279 1154 4345 divum
1178 4279 1325 4345 Michae-

134 4386 207 4452 lem.
241 4384 298 4452 Ab
332 4391 535 4453 antecessore
567 4385 687 4452 librum
719 4391 849 4452 tantum
882 4387 992 4471 accepi
1025 4385 1147 4470 absque
1179 4387 1325 4470 pecunia.

133 4493 254 4560 Nullus
278 4496 455 4578 inscriptus
479 4499 537 4560 est.

242 4601 351 4668 Pestis
373 4603 436 4668 hoc
459 4607 607 4684 tempore
631 4601 712 4666 satis
734 4604 951 4686 pertinaciter
974 4601 1199 4686 grassabatur,
1222 4607 1260 4666 ut
1283 4601 1323 4666 de

134 4711 185 4777 die
209 4734 446 4796 nonnunquam
471 4713 560 4779 ultra
578 4717 645 4778 50⁰¹
664 4719 756 4797 peste
772 4721 1012 4798 peremptorum
1037 4735 1191 4780 numerus
1209 4735 1319 4780 excre-
