3330 5324
353 411 421 470 372

351 603 425 668 albo
459 605 600 670 nationis
635 601 712 676 (nisi
746 606 831 670 ratio
857 613 889 669 et
912 604 1056 669 conditio
1091 626 1300 688 personarum
1325 604 1416 669 aliud
1441 625 1528 686 expo-

351 715 469 792 sceret)
499 733 598 795 quam
623 713 770 776 debitum
794 713 1016 796 inscriptionis
1041 713 1269 796 deposuerint3
1302 713 1425 776 factum
1451 712 1527 774 enim

350 827 399 884 est
423 841 576 902 persaepe
599 821 766 898 haetenus,
791 827 829 883 ut
848 820 944 884 multi
963 821 1065 884 multa
1081 821 1291 903 promiserint
1308 829 1385 884 ante
1402 819 1527 900 iuscrip-

351 928 481 1006 tionem‚
505 926 595 991 facta
619 949 693 992 vero
718 928 929 1010 inscriptione
953 927 1114 992 servarint
1139 927 1228 992 nihil.

182 1045 227 1099 fol.
252 1048 316 1100 rsrb
458 1035 633 1101 Caeterum
657 1035 878 1100 solennissime
903 1041 941 1100 ut
965 1037 1130 1118 potuimus
1154 1036 1389 1101 celebravimus
1420 1035 1526 1100 festum

197 1127 321 1255 jgg³⁰p7
348 1145 454 1209 sancti
478 1143 609 1226 patroni
634 1143 736 1207 nostri
761 1143 827 1208 divi
851 1143 1017 1219 Ladislai3
1050 1166 1178 1228 sacrum
1213 1144 1343 1208 solenne
1366 1165 1427 1227 pro
1452 1165 1527 1206 more

349 1253 568 1318 decantatum.
593 1249 709 1316 Oratio
733 1253 848 1332 brevis,
873 1251 1004 1334 elegans
1021 1259 1054 1316 et
1071 1275 1214 1332 nervosa,
1239 1251 1329 1316 dicta
1350 1273 1415 1316 non
1432 1252 1527 1314 minus

349 1362 400 1444 pie
426 1382 524 1443 quem
549 1358 690 1423 iucunde
706 1379 725 1422 a
742 1359 918 1424 reverendo
935 1359 1029 1424 Dom.
1057 1359 1188 1449 Joanne
1216 1357 1394 1440 Palialvay,
1419 1357 1527 1422 libera·

349 1469 430 1532 lium
453 1467 577 1531 artium
600 1474 633 1529 et
656 1465 880 1549 philosophiae
903 1467 1124 1535 baccalaureo.
1149 1467 1398 1532 errrinentissimi
1423 1463 1528 1530 Cardi-

349 1576 432 1642 nalis
457 1573 637 1638 Pazmanni
661 1573 801 1638 alumno.
827 1573 958 1638 Placuit
982 1573 1117 1638 mirifice
1142 1583 1212 1638 turn
1237 1574 1308 1656 ipsa
1331 1575 1442 1638 dictio.
1467 1581 1528 1636 tum

349 1683 488 1750 dicentis
521 1683 616 1746 aetio.
651 1682 834 1748 Subsecuta
869 1689 919 1747 est
947 1683 987 1748 de
1011 1703 1099 1746 more
1122 1682 1335 1748 bellariorum
1359 1689 1393 1748 et
1416 1682 1531 1746 dulcia·

350 1793 474 1857 riorum
498 1791 626 1872 eopiosa
650 1789 788 1853 collatio.

457 1899 497 1962 In
530 1897 670 1960 decursu
700 1897 777 1960 anni
802 1895 968 1960 decretum
995 1919 1015 1961 a
1040 1895 1216 1962 venerabili
1241 1897 1441 1961 consistorio·
1458 1895 1528 1960 mihi

351 2006 576 2072 transmissum
601 2009 650 2068 est
676 2009 726 2068 22.
752 2001 897 2086 Augusti
923 2003 962 2068 de
987 2005 1117 2087 punctis
1143 2003 1334 2069 exhibendis
1357 2008 1456 2087 super
1491 2027 1531 2067 re-

350 2113 544 2178 formatione
578 2091 764 2174 academiae
797 2119 927 2174 nostrae
952 2117 1021 2188 eta,
1055 2113 1095 2176 ob
1126 2111 1213 2195 quod
1237 2117 1270 2176 ct
1294 2111 1358 2175 alia
1382 2110 1529 2174 nonnulla

350 2221 492 2287 libenter
516 2219 694 2284 secundum
720 2219 862 2282 nationis
887 2227 1082 2284 conventum
1106 2219 1327 2294 celebrassem,
1361 2220 1389 2284 si
1418 2219 1530 2283 domini

352 2331 391 2394 de
423 2328 568 2392 natione·
590 2335 668 2390 tunc
701 2325 850 2392 Viennae
878 2327 1026 2391 fuissent.
1060 2327 1176 2412 Neque
1201 2351 1275 2392 vero
1300 2331 1406 2411 ipsum
1430 2327 1530 2391 decre-

351 2445 421 2500 tum
454 2437 486 2500 in
512 2435 724 2518 protocollum
760 2433 822 2498 huc
856 2436 1075 2500 transcribere
1107 2436 1209 2519 potui,
1241 2459 1277 2502 eo
1313 2436 1401 2520 quod
1425 2435 1530 2499 charta

351 2566 440 2612 nunc
464 2545 497 2608 in
522 2545 582 2608 hoc
606 2544 690 2610 libro
715 2543 855 2610 deficiat.

459 2669 615 2751 Inscripti
640 2669 775 2732 suntin
800 2669 922 2734 librum
947 2671 1106 2734 nationis:

459 2775 606 2840 Illustris
639 2784 672 2840 et
706 2775 896 2859 magnificus
929 2777 1023 2842 Dom.
1057 2777 1197 2842 Alexius
1225 2777 1423 2854 Wratislaw,
1457 2775 1530 2838 liber

351 2886 431 2950 baro
457 2884 496 2948 de
521 2883 707 2960 hletrovicz,
732 2884 881 2960 Boemus,
907 2886 998 2950 dedit
1022 2886 1231 2968 imperialem.

460 2991 516 3056 Fr.
527 2991 674 3056 Joannes
685 2991 826 3075 Mihally
837 2991 1094 3058 Oroataordinis
1105 2991 1136 3058 S.
1147 2992 1353 3078 Pauliprimi
1364 2993 1531 3056 Eremitae.

459 3099 515 3164 Fr.
542 3099 697 3164 Nicolaus
725 3101 900 3165 Michulicz
923 3101 1048 3166 ordinis
1073 3099 1105 3167 S.
1133 3102 1231 3166 Pauli
1246 3103 1344 3186 primi
1363 3101 1530 3165 Eremitae.

461 3207 646 3292 Stephanus
671 3201 874 3290 Dizkowsky,
899 3207 1017 3272 nobilis
1041 3209 1191 3273 Polonus.

461 3313 646 3380 Gulielmus
670 3315 861 3380 Fridericus
885 3313 1016 3398 Georgy
1040 3317 1214 3398 Pragensis
1238 3317 1388 3381 Boenms.

461 3423 620 3487 Melchior
644 3422 814 3486 Hertelius
838 3421 981 3488 Silesius.

462 3529 716 3612 Christophorns
742 3530 860 3612 Manag
885 3528 1028 3594 Silesius.

461 3636 624 3720 Georgius
650 3638 801 3702 Horvath
826 3637 956 3702 Ornata.

461 3746 608 3809 ‚loannes
632 3743 750 3822 Gadda,
774 3745 927 3810 alumnus
951 3747 1089 3828 capituli
1113 3746 1357 3830 Strigoniensis.

461 3849 571 3916 Simon
602 3852 767 3934 Wodizga,
792 3853 942 3917 alunmus
967 3854 1104 3936 capituli
1129 3854 1371 3936 Strigoniensis.

462 3959 521 4024 Hii
545 3960 641 4034 simul
666 3960 827 4023 dederunt
853 3967 870 4023 2
895 3959 963 4024 flor.
989 3961 1094 4025 Rhen.

464 4068 658 4132 Franciscus
690 4066 942 4132 Szcnthcnedeti

464 4174 626 4258 Georgius
651 4175 839 4257 Bogdauozi

462 4283 630 4348 Martinus
654 4282 867 4348 Jankovitius

1004 4124 1128 4186 alumni
1152 4123 1374 4202 Parmanianh
1399 4121 1473 4186 nihil

1148 4229 1318 4294 dederunt.

462 4407 602 4473 Praeter
635 4409 720 4472 hane
753 4409 923 4490 pecuniam
959 4409 1098 4474 tradidit
1132 4409 1209 4472 mihi
1246 4421 1427 4473 antecessor
1449 4427 1531 4470 meus

356 4539 455 4581 unum
473 4516 541 4580 tlor.
568 4517 780 4596 Rhenensem,
801 4539 884 4597 quae
902 4517 1059 4582 adiuncta
1075 4517 1262 4592 collectura,
1280 4518 1367 4582 faeta
1385 4515 1531 4599 profesto

355 4624 484 4708 patroni
509 4625 621 4702 nostri,
647 4626 680 4686 in
705 4645 860 4708 expensas
885 4626 977 4702 abiit,
1003 4633 1040 4688 ut
1064 4625 1214 4708 sequitur
