3324 5326
1255 454 1315 516 eal

125 653 912 748 010101111111011111111111111
946 651 1154 734 Silesius,
1178 651 1318 737 philoso-

125 774 226 856 phiae
251 781 285 840 et
316 773 495 838 medicinae
528 771 651 836 doctor.
684 768 810 854 Accepi
835 791 855 834 a
878 767 1065 834 doctissimo
1099 767 1193 832 Dom.
1211 759 1317 850 Mag.

124 881 259 946 ‚Ioanne
293 871 474 962 Waltliero,
508 885 709 946 antecessore
741 899 821 960 mea,
855 869 974 942 librum
1008 899 1107 942 unum
1142 882 1174 941 et
1202 878 1241 940 15
1274 897 1318 940 cr.
1347 961 1351 972 ‚

123 987 253 1054 Eodem
296 989 348 1054 die
381 989 505 1054 Rector
538 988 659 1052 electus
692 992 741 1052 est
773 985 968 1050 reverendus
1001 983 1096 1050 Dom.
1138 983 1318 1048 Balthasar

128 1094 297 1162 scultetus
312 1093 583 1165 Vratislaviensis
605 1093 748 1176 Silesius,
762 1085 991 1160 sacrosanctae
1006 1091 1188 1176 theologiae
1204 1091 1319 1156 doctor

129 1212 165 1271 et
189 1209 362 1272 canonicus
387 1205 591 1276 Viennensis.
608 1205 681 1286 Ego
698 1210 769 1270 1010
785 1203 936 1268 semestri
961 1202 1101 1267 consiliis
1125 1199 1318 1267 academicis

127 1313 241 1378 sedulo
264 1313 407 1380 interfui.
431 1314 473 1378 In
489 1311 600 1380 album
624 1313 768 1378 nationis
784 1313 846 1377 hoc
863 1312 1009 1376 semestri
1033 1310 1152 1376 relatos
1169 1316 1202 1374 et
1217 1329 1318 1392 quan-

128 1429 199 1487 tum
233 1421 370 1506 quisque
403 1411 530 1488 dederit
562 1423 635 1487 vide
659 1443 759 1506 supra
783 1421 837 1486 iol.
872 1425 934 1485 131
950 1422 985 1503 ¹).
1018 1419 1140 1500 Betiti,
1174 1439 1238 1502 quo
1262 1416 1317 1482 ob·

127 1531 248 1596 stricta
281 1535 353 1594 erat
385 1528 540 1596 Doctoris
572 1527 716 1594 Fabritii
749 1527 913 1612 quondam
938 1547 1027 1608 uxor,
1060 1529 1250 1592 solutionem
1285 1532 1318 1591 et

124 1638 257 1704 ladulae
290 1638 538 1720 restitutionem,
572 1638 640 1703 ursi
663 1637 773 1702 libello
797 1637 941 1722 supplici,
966 1643 1065 1722 prout
1089 1637 1238 1700 executio
1261 1655 1317 1717 ap·

126 1737 238 1829 posita
262 1745 363 1812 docet.
387 1745 452 1812 Illa
474 1744 557 1812 nihil
580 1733 757 1830 respondit.

508 1891 705 1976 Exemplum
730 1891 938 1958 executionis

236 2017 310 2083 Dan
335 2022 385 2084 19.
418 2016 490 2102 Tag
523 2018 641 2084 Martii
673 2040 760 2085 anno
785 2021 836 2098 94,
869 2017 1012 2083 habich
1044 2016 1192 2084 Joannes
1225 2016 1313 2082 Beck
1364 2031 1440 2088 1594,

125 2123 241 2189 Herrn
259 2123 284 2188 J
286 2126 399 2190 oannis
415 2123 569 2208 Leandri,
592 2125 772 2191 medicinae
797 2125 938 2189 doctoris
956 2130 990 2188 et
1006 2125 1147 2207 inclytae
1170 2126 1313 2192 nationis
1325 2097 1423 2148 ΠΜ·
1437 2103 1477 2148 19·

126 2233 314 2317 Ungaricae
331 2255 391 2316 pro
406 2238 553 2318 tempore
570 2235 803 2316 procuratoris,
820 2233 1101 2316 beratlrschlagtes
1117 2233 1315 2318 suppliciern

125 2341 267 2406 Frauen
298 2340 472 2408 Fabritzin
503 2342 630 2408 anietzo
663 2341 926 2408 Kautzhamerin
960 2341 1128 2408 ordenlich
1159 2343 1325 2430 liberant-¹

126 2455 234 2530 wortt,
268 2449 326 2514 der
360 2450 405 2514 ist
436 2448 634 2514 naohmahln
667 2450 728 2516 mit
762 2449 945 2534 sustollung
969 2449 1143 2533 aufferlegt
1176 2451 1315 2532 worden,

126 2556 186 2620 das
220 2559 266 2621 sie
300 2557 361 2622 den
395 2557 508 2622 Herrn
542 2556 777 2642 Supplicanten
811 2559 940 2640 roriger
973 2557 1192 2642 Verordnung
1230 2559 1314 2625 nach

126 2665 221 2728 inner
246 2671 266 2729 8
292 2663 405 2748 Tagen
438 2664 642 2748 unclaghafft
675 2665 742 2730 und
766 2665 912 2732 zuiriden
945 2666 1043 2748 halte,
1076 2666 1179 2734 damit
1212 2668 1314 2732 ander

125 2769 295 2837 Einsehen
319 2772 533 2839 ftirzunemen
557 2774 607 2838 nit
629 2779 703 2838 nott
727 2773 840 2838 werde.
865 2773 989 2842 Actum
1013 2779 1051 2838 ut
1075 2797 1184 2858 supra.

540 2879 634 2948 Idem
658 2882 714 2965 qui
738 2903 844 2964 supra,
868 2882 1090 2948 universitatis
1114 2883 1269 2968 pedellus

234 3024 300 3090 Pro
325 3028 514 3092 executione
537 3027 613 3092 dedi
636 3027 763 3110 pedello
788 3033 806 3092 6
831 3028 889 3108 kr,
912 3028 1055 3110 reliquos
1081 3034 1119 3092 15
1144 3050 1210 3094 una
1233 3026 1450 3093 01111011401

123 3129 210 3196 libro
245 3133 370 3198 tradidi
409 3136 587 3200 successori
610 3156 691 3216 mee,
724 3134 904 3200 clarissimo
936 3137 1005 3200 viro
1029 3135 1125 3200 Dom.
1158 3135 1315 3208 Andreae

124 3237 277 3322 Nigrino,
298 3243 382 3324 juris
406 3243 579 3326 utriusque
604 3243 741 3308 doctori.

138 3385 140 3390 ·
235 3347 345 3414 Huius
360 3350 601 3436 procurationis
618 3355 764 3433 tempore
781 3352 937 3416 memoria
954 3356 987 3415 et
1000 3353 1196 3434 posteritate
1213 3352 1315 3436 digna

124 3453 208 3520 haec
232 3463 308 3522 acta
331 3464 416 3524 sunt.

235 3571 287 3631 22.
311 3564 464 3632 Octobris
487 3568 612 3633 Rector
628 3567 820 3652 magnificus
844 3575 943 3651 atque
959 3566 1040 3633 adeo
1057 3573 1128 3632 tota
1144 3568 1310 3633 academia
1359 3595 1436 3652 1593,

123 3671 323 3740 Viennensis
346 3675 532 3739 valedicunt
541 3675 591 3740 'ad
606 3675 713 3758 Belgii
730 3677 1000 3760 gubernationem
1025 3676 1210 3761 profecturo
1227 3698 1313 3741 sere·
1332 3659 1389 3713 okt.
1411 3669 1453 3714 ²2·

121 3781 258 3846 nissimo
282 3779 442 3846 Austriae
466 3782 634 3847 archiduci
657 3784 800 3849 Ernesto
824 3785 858 3848 in
883 3785 967 3849 aula.
1461 3795 1466 3804 “

235 3895 264 3953 A
281 3889 477 3956 Novembris
493 3891 581 3974 apud
599 3890 721 3956 Albam
738 3893 897 3976 Regalem
914 3895 1076 3960 consortis-
1088 3896 1311 3980 copiisparta
1360 3919 1450 3980 roae,

123 4005 175 4062 est
199 3997 373 4080 praeclara
389 4021 454 4064 non
470 3998 594 4084 absque
618 4001 776 4066 miraculo
801 4008 917 4068 contra
940 4001 1067 4070 Turcas
1089 4005 1233 4084 victoria,
1258 4025 1310 4068 cx·
1339 4001 1400 4038 ¹¹⁰V·
1422 3995 1445 4038 3·

122 4107 225 4190 plosis
258 4093 476 4191 nequicquam
510 4108 552 4172 ab
585 4109 678 4176 hoste
711 4109 790 4174 bina
823 4111 892 4175 1100
925 4111 958 4176 11
982 4117 1111 4177 nostros
1141 4115 1314 4180 tormentis

123 4215 275 4280 diversae
306 4217 552 4300 magnitudinis,
583 4218 611 4282 si
634 4239 689 4284 sex
713 4219 800 4284 mille
833 4218 1080 4286 Janitzerorum
1113 4220 1313 4288 bombardae

123 4323 279 4406 excipias,
297 4324 437 4407 triginta
461 4323 597 4406 duobus,
616 4348 699 4408 quae
715 4326 920 4411 ipsadeinde
936 4328 969 4394 in
985 4334 1130 4394 nostram
1154 4334 1313 4394 venerunt

122 4434 334 4513 potestatem,
351 4432 452 4496 caesis
463 4452 502 4496 ex
519 4437 613 4514 parte
630 4438 742 4498 nostra
759 4433 917 4500 militibus
934 4436 1065 4500 circiter
1082 4436 1323 4520 quadraginta,

123 4537 310 4606 Turcarum
334 4538 408 4622 plus
432 4539 544 4605 decem
568 4540 720 4623 millibus,
745 4545 850 4626 captis
873 4545 1059 4638 perpaucis.
1162 4579 1188 4590 ‚.
1296 4579 1299 4584 Δ

237 4719 258 4780 ¹)
274 4718 306 4770 1¹·
326 4713 444 4771 fentebb
464 4725 525 4772 306.
544 4717 563 4772 Ι.

178 4841 320 4888 serrant:
337 4845 403 4886 Btcsl
417 4849 494 4898 cgyet.
510 4857 586 4898 magy.
602 4855 674 4888 nomn.
690 4845 851 4897 auyaktnyre.
