3324 5326
1289 444 1351 504 267

166 634 330 720 gariceles
352 635 386 700 111
409 657 491 702 auro
515 641 550 702 11
573 639 595 702 4
619 637 689 702 flor.
713 637 881 704 Renenses
905 637 939 702 in
963 639 1090 704 minuta
1115 641 1260 723 pecunia,
1285 664 1357 723 pre-

166 748 319 815 sentibus
334 751 456 816 ibidem
480 750 722 818 venerabilibus
745 751 822 818 viris
846 751 936 835 Mag.
962 751 1140 820 Ambrosio
1164 751 1295 821 Salczer
1319 753 1359 820 de

166 856 338 946 Soprouio,
371 861 462 944 Mag.
495 861 687 927 Melichiore
721 859 804 928 Chal
828 859 1034 928 Oassoviensi
1058 867 1093 927 et
1116 861 1206 946 Mag.
1230 861 1256 928 J
1257 863 1358 928 acobo

166 968 281 1038 Siculo
304 969 495 1053 Oibiniensi,
519 972 562 1038 ad
586 972 646 1036 hec
670 972 855 1056 specialiter
886 973 1011 1040 vocatis
1043 977 1076 1038 et
1108 974 1240 1056 rogatis,
1272 995 1358 1039 anno

166 1080 303 1148 Domini
329 1083 425 1164 1512,
447 1082 482 1147 in
506 1081 559 1148 die
582 1081 687 1148 sancti
712 1079 844 1165 Georgi.

1407 1055 1484 1112 1512,

1381 1123 1439 1192 tpr.
1460 1125 1502 1174 14.

704 1289 785 1352 (1512
804 1287 838 1350 L)

280 1399 327 1468 Et
342 1425 402 1486 ego
418 1401 518 1485 Mag.
542 1401 567 1467 J
574 1399 718 1467 acubus
740 1398 955 1468 vexillifer
979 1399 1288 1467 Transsilranus
1312 1401 1361 1466 sa·

167 1518 244 1577 teor
268 1534 319 1576 1111
341 1511 524 1596 percepisse
548 1533 569 1576 a
590 1509 768 1576 reverendo
792 1510 861 1574 viro
885 1509 978 1592 Meg.
1001 1509 1199 1576 Leonhardo
1230 1509 1359 1576 Dobra-

168 1619 255 1702 hast,
280 1624 484 1686 antecessore
507 1641 588 1702 meo,
612 1619 721 1686 omnia
744 1619 976 1703 suprascripta,
1001 1639 1087 1684 anno
1111 1625 1145 1684 et
1161 1619 1299 1684 testibus
1322 1617 1381 1684 ut'

169 1749 281 1814 supra.

280 1837 442 1922 Exposita
457 1834 549 1919 Mag.
565 1832 591 1900 J
592 1829 705 1902 uoobi':
722 1835 809 1900 Item
825 1856 885 1918 pro
901 1833 1009 1902 officio
1026 1834 1252 1902 defunctorum
1270 1835 1360 1918 apud

169 1947 311 2012 Fratres
336 1943 588 2010 Prodicatorum
613 1947 631 2008 3
655 1942 714 2007 sol.
738 1943 818 2024 den,
842 1944 922 2010 item
946 1941 1084 2028 pedellis
1109 1947 1151 2008 88
1175 1942 1256 2022 den,
1280 1943 1359 2009 item

144 2077 231 2154 'pro
255 2058 278 2120 4
300 2052 566 2120 iutimacionibus
591 2057 633 2119 16
659 2050 750 2135 den.;
774 2053 852 2116 item
876 2051 910 2116 in
933 2051 986 2117 die
1018 2051 1085 2116 divi
1117 2051 1267 2118 Ladislai
1299 2074 1359 2136 pro
1379 2061 1441 2128 jun.
1462 2067 1504 2114 17.

171 2163 282 2230 officio
315 2166 337 2226 4
361 2161 418 2227 sol.
441 2161 521 2242 den,
545 2161 624 2226 item
648 2181 708 2245 pro
731 2181 798 2226 una
821 2161 1029 2226 intimacione
1053 2165 1073 2224 8
1097 2158 1179 2242 den,
1203 2161 1282 2227 item
1306 2183 1361 2246 po-

171 2273 268 2338 dellis
293 2275 335 2337 28
360 2270 430 2335 den.
535 2307 538 2320 ·

280 2381 353 2464 Ego
385 2378 476 2462 Mag.
509 2377 658 2445 Jacobus
691 2375 943 2444 Transsilvanus
975 2377 1162 2462 presentari
1185 2378 1362 2444 successori

171 2510 247 2555 meo
270 2508 427 2572 generoso
452 2509 490 2552 ac
514 2487 646 2570 egregio
670 2487 739 2552 viro
764 2485 859 2553 Dom.
892 2485 1031 2568 Isidoro,
1065 2485 1271 2552 decretorum
1304 2487 1361 2552 do-

172 2597 258 2664 ctori
290 2619 329 2662 ac
361 2594 539 2680 Pragensis
571 2616 610 2661 ao
640 2594 843 2661 Brunnensis
868 2595 1079 2661 ecclesiarum
1104 2596 1268 2674 canonico,
1292 2595 1361 2660 flor.
1495 2593 1499 2602 “

173 2705 752 2792 111111111111811111111,311111
785 2707 808 2770 4
830 2705 895 2788 sol,
920 2710 987 2770 tres
1010 2703 1112 2770 libros
1137 2727 1208 2770 cum
1234 2703 1362 2770 duabus

172 2815 303 2896 ladulis,
336 2813 545 2900 presentibus
578 2814 701 2881 ibidem
733 2813 977 2880 venerabilibus
1002 2819 1034 2878 et
1058 2815 1197 2898 egregiis
1221 2814 1300 2880 viris
1324 2835 1363 2880 ac

173 2923 343 3006 magistris
353 2923 443 3006 Mag.
454 2922 635 2989 Melchiore
651 2921 747 2989 Ohall
763 2921 993 2988 Oaschoviensi
1010 2929 1044 2988 et
1059 2921 1149 3006 Mag.
1165 2922 1363 2988 Leouhardo

176 3031 371 3098 Dobrohost
388 3031 428 3098 de
452 3029 609 3098 Gemnicz
633 3037 667 3096 et
681 3031 772 3116 Mag.
788 3028 814 3097 J
815 3031 917 3098 acobo
936 3029 1049 3098 Oiculo
1066 3031 1106 3100 de
1123 3031 1261 3113 Oibini0,
1278 3052 1363 3098 anuo

173 3139 312 3205 Domini
335 3137 506 3206 millesimo
530 3141 790 3224 quingentesimo
816 3139 1016 3206 duodecimo

700 3323 780 3385 (1512
800 3322 849 3384 Π.)

286 3425 359 3514 ligo
382 3433 629 3515 prenominatus
653 3431 831 3498 Isidorus
856 3431 901 3498 de
924 3431 1093 3513 Hostun,
1117 3433 1242 3499 arcium
1262 3437 1295 3497 11
1311 3431 1365 3496 de·

174 3545 344 3606 cretorum
368 3539 492 3624 doctor,
516 3540 626 3607 fateor
647 3561 719 3606 meo
743 3543 878 3626 proprio
902 3541 1121 3627 chirographo
1153 3563 1204 3606 me
1236 3545 1365 3607 tantum

174 3650 342 3733 recepisse
365 3654 403 3716 ut
426 3669 526 3734 supro
549 3650 706 3733 scriptum
731 3655 790 3731 111,
813 3649 1021 3733 presentibus
1045 3645 1285 3715 uenerabilibus
1309 3647 1366 3712 do-

174 3757 277 3824 minis
301 3757 477 3840 magistris,
500 3778 585 3824 anno
609 3761 643 3822 et
666 3757 719 3822 die
742 3761 912 3840 utsupra.

288 3934 362 4022 Ego
385 3937 486 4022 Mag.
510 3937 740 4004 Leonardus
763 3937 990 4004 Dobrohost
1013 3937 1057 4002 de
1081 3935 1271 4018 Gemnicz,
1291 3936 1367 4002 sub-

177 4047 319 4114 stitutus
343 4051 538 4131 procurator
561 4045 681 4131 prefati
705 4045 800 4112 Dom.
833 4045 988 4111 Doctoris
1021 4045 1150 4124 Isidori,
1182 4042 1368 4128 presentari

178 4155 363 4220 successori
387 4175 457 4219 meo
481 4153 661 4220 venerabili
684 4155 754 4219 viro
777 4153 868 4237 Mag.
891 4153 1069 4218 Ambrosio
1094 4150 1225 4218 Selczer
1249 4147 1369 4233 Sopro-

177 4260 287 4326 niensi
311 4265 331 4324 8
354 4259 424 4326 flor.
447 4261 663 4344 Ungaricales
688 4263 722 4326 in
746 4283 834 4342 auro,
860 4266 878 4325 3
903 4260 967 4342 tal,
993 4265 1011 4324 7
1036 4260 1101 4342 sol,
1125 4257 1260 4342 siugulis
1284 4279 1370 4327 com-

178 4367 320 4454 putatis,
353 4367 560 4450 presentibus
592 4367 713 4432 ibidem
746 4365 984 4432 venerabilibus
1016 4365 1095 4431 viris
1118 4363 1209 4448 Mag.
1240 4362 1369 4432 Jacobo

186 4475 410 4543 Transilvano
428 4480 462 4542 11
477 4475 570 4558 Mag.
586 4473 779 4542 Melichiore
795 4473 879 4540 Chal
896 4473 1102 4540 Oassoviensi
1125 4472 1168 4536 ad
1183 4471 1244 4537 hec
1260 4472 1370 4553 singu-

179 4583 302 4650 lariter
333 4583 460 4648 vocatis
492 4589 525 4649 et
558 4584 679 4667 petitis,
703 4603 866 4648 unacum
891 4581 996 4648 tribus
1019 4579 1112 4646 libris
1135 4579 1178 4644 ad
1201 4579 1366 4644 nationem

181 4690 420 4781 spectantibus,
447 4695 543 4760 1513.

1409 1996 1486 2052 1111,
1588 1969 1593 1979 ⁴
