3334 5322
341 441 405 503 250

448 638 521 722 Ego
553 637 643 721 Mag.
675 635 700 702 J
704 658 825 702 oannes
859 635 993 719 Angrer
1017 660 1057 703 ex
1082 635 1305 722 Rosenbergk,
1330 642 1525 722 procurator

224 725 301 836 ¹4³³ig
339 747 485 812 nacionis
510 745 638 831 prefate
662 745 783 811 electus
799 747 832 809 in
851 746 902 810 die
919 748 1024 812 saneti
1048 745 1217 814 Colomani
1242 749 1396 830 martiris,
1421 751 1528 816 fateor

199 813 257 865 okt.
281 821 319 867 ω’
340 881 390 926 me
423 860 583 944 recepisse
616 860 725 925 omnia
764 857 895 942 prefata
926 859 1013 924 bona
1051 881 1072 924 a
1110 857 1288 924 venerabili
1327 861 1397 924 viro
1436 859 1527 942 Mag.

339 967 483 1053 Georgio
508 969 549 1034 de
572 967 695 1034 Sancta
719 967 830 1049 Anna,
863 987 949 1034 anno
976 971 1070 1048 1489,
1095 967 1302 1051 presentibus
1325 967 1448 1034 ibidem
1471 987 1526 1032 ve-

259 1151 262 1157 ,
338 1076 543 1143 nerabilibus
569 1073 656 1142 viris.

444 1185 517 1268 Ego
541 1186 630 1270 Mag.
654 1185 827 1252 Jobaunes
854 1183 990 1266 Angrer
1015 1206 1053 1250 cx
1078 1183 1300 1268 Rosenbergk,
1325 1187 1416 1251 fact-a
1439 1207 1525 1250 com·

338 1296 513 1378 putacione
538 1297 570 1360 in
595 1295 648 1360 die
672 1295 777 1360 sancti
794 1293 943 1358 Floriani
960 1314 1044 1358 anno
1063 1299 1159 1375 1490,
1183 1296 1367 1378 presentavi
1390 1317 1526 1360 venera·

337 1402 394 1468 bili
420 1423 459 1468 ac
483 1403 614 1486 egregio
639 1402 708 1468 viro
734 1401 823 1484 Mag.
852 1399 991 1496 (jaspari
1015 1423 1053 1466 ex
1078 1401 1292 1486 Rosenbergk
1315 1403 1445 1468 nomine
1468 1424 1524 1466 na·

335 1510 435 1574 cionis
460 1509 635 1593 Hungarie
660 1509 741 1574 duas
765 1509 904 1588 ladulus,
924 1509 1079 1574 maiorem
1104 1514 1137 1573 et
1160 1511 1326 1592 minorem,
1351 1511 1382 1575 in
1406 1511 1523 1576 minori

336 1619 545 1683 continentur
569 1622 587 1682 5
613 1617 683 1684 flor.
708 1615 926 1701 Ungaricales
951 1621 983 1680 et
1016 1617 1212 1684 lRenensis
1237 1623 1270 1684 et
1295 1623 1337 1684 20
1360 1619 1418 1684 sol.
1442 1619 1525 1700 deu,

334 1725 414 1791 item
439 1725 502 1790 due
526 1725 708 1807 matricule,
732 1747 817 1792 nova
840 1729 990 1804 etvetus,
1015 1727 1093 1791 item
1111 1726 1251 1792 historia
1275 1728 1380 1792 sancti
1406 1727 1521 1792 Ladis-

333 1833 395 1914 lai3
412 1835 489 1900 item
508 1836 669 1916 candelas,
686 1841 838 1918 utsupra
863 1837 996 1918 ponitur
1012 1836 1046 1904 in
1062 1836 1256 1920 procuraeia
1273 1836 1363 1918 Mag.
1387 1834 1523 1920 Georgii

334 1941 374 2006 de
398 1940 521 2010 Sancta
538 1944 648 2025 Anna,
673 1943 881 2028 presentibus
897 1967 935 2010 ac
954 1946 1067 2028 petitis
1083 1945 1250 2028 magistris
1266 1944 1356 2028 Mag.
1380 1941 1523 2027 Georgio

335 2049 376 2116 de
401 2049 523 2118 Sancta
539 2049 649 2132 Anna,
665 2050 756 2134 Mag.
781 2049 997 2118 Wenczeslao
1012 2051 1052 2118 de
1068 2051 1222 2133 Boebeis,
1239 2052 1329 2136 Mag.
1345 2051 1523 2118 Valentino

337 2158 376 2224 de
400 2157 532 2226 Corona
556 2165 616 2225 etc.

866 2251 946 2309 (1490
966 2250 999 2310 Ι.)

441 2345 512 2432 Ego
530 2349 630 2432 Mag.
655 2349 807 2434 Caspar
831 2350 1086 2432 Fridwurger
1110 2373 1154 2415 ex
1170 2349 1436 2433 Rosenborgk‚
1461 2351 1521 2416 ele-

193 2463 295 2542 ,1490
332 2463 403 2523 otus
426 2458 458 2522 in
481 2463 728 2541 procuratorem
753 2459 805 2524 die
828 2464 1015 2524 sanctorum
1040 2457 1186 2525 Tiburoii
1211 2465 1245 2524 et
1268 2459 1451 2552 Valeriani,
1475 2458 1490 2524 s
1508 2497 1520 2508 -

188 2545 245 2598 ³¹³²
270 2535 307 2580 Μ’
332 2572 402 2632 teor
427 2587 477 2630 me
499 2566 657 2649 recepisse
682 2567 812 2650 pretato
836 2565 921 2632 bona
937 2589 957 2632 a
974 2567 1063 2652 Mag.
1087 2567 1243 2633 Jobanne
1267 2565 1413 2650 Angrer,
1437 2589 1518 2632 anno

337 2677 431 2753 1490,
454 2675 663 2756 presentibus
687 2680 725 2739 ut
749 2697 860 2758 supra.

181 2798 229 2852 fol.
252 2799 317 2852 rous
440 2781 512 2864 Ego
537 2782 629 2864 Mag.
653 2781 781 2866 Oaspar
797 2783 1011 2866 Fridwurger
1027 2807 1067 2850 ex
1084 2784 1308 2868 Rosenbergk‚
1334 2785 1517 2850 factae-om-

175 2945 217 2997 'an
240 2952 272 2996 ,2
290 2890 509 3008 ³„,pntaeione
533 2891 567 2954 in
591 2891 643 2956 die
660 2892 765 2956 sancti
782 2889 951 2959 Vincenoii
975 2895 1070 2973 1491,
1094 2895 1279 2976 presentari
1296 2894 1429 2976 egregio
1453 2893 1515 2956 tiro

170 2961 180 3008 J
221 2982 228 2998 ⁹
275 2983 423 3082 ”Mag
457 2997 670 3064 Wenczeslao
700 3023 738 3062 ox
774 2997 968 3083 Wudwayss
1001 3002 1129 3066 nomine
1168 3001 1313 3066 nacionis
1346 3001 1513 3082 Hungarie

334 3105 416 3171 duces
440 3105 577 3186 indutas,
602 3107 760 3172 maiorem
784 3105 936 3172 videlicet
959 3111 992 3171 et
1015 3108 1184 3188 minorem,
1217 3108 1250 3172 in
1275 3109 1393 3173 minori
1419 3109 1512 3173 conti-

333 3218 454 3280 nentur
480 3219 498 3278 5
523 3215 593 3278 flor.
617 3213 836 3296 Ungaricales
854 3218 921 3278 etl
947 3214 1108 3278 Renensis
1132 3220 1164 3278 et
1187 3218 1229 3278 20
1254 3214 1311 3280 sol.
1335 3213 1418 3296 den,
1441 3216 1510 3279 item

333 3321 396 3386 due
429 3321 611 3404 matricule,
644 3343 728 3386 nova
761 3327 794 3386 et
817 3327 919 3403 vetus,
952 3323 1032 3388 item
1057 3321 1197 3386 historia
1221 3323 1328 3386 sancti
1352 3321 1510 3400 hadistat,

332 3431 411 3494 item
437 3429 588 3495 candelas
613 3435 641 3512 6,
665 3430 872 3513 presentibus
892 3430 1134 3496 venerabilibus
1158 3430 1235 3494 viris
1260 3429 1350 3513 Mag.
1374 3429 1508 3514 Georgio

333 3538 373 3603 de
397 3537 520 3604 Sancta
543 3536 643 3604 Anna
668 3543 700 3604 et
724 3539 814 3622 Mag.
838 3538 985 3604 Steffano
1010 3533 1078 3624 [de]
1102 3538 1276 3622 Heroznye
1300 3545 1360 3603 eto.

853 3683 934 3743 (1490
953 3683 1000 3744 Π.)

441 3776 528 3846 1490
541 3776 577 3862 ¹).
599 3779 673 3863 Ego
694 3801 823 3864 quoque
846 3780 945 3864 Mag.
970 3781 1250 3848 Wentzeslaus
1267 3803 1312 3846 ex
1329 3781 1505 3860 Budweis‚

218 3889 294 3977 ¹49⁰3
332 3895 526 3974 procurator
549 3888 931 3971 prenominatonationis
947 3892 1144 3956 constitutus
1168 3892 1202 3956 in
1218 3891 1271 3956 die
1294 3891 1400 3956 sancti
1421 3888 1505 3954 Colo

186 3955 451 4079 ‹ne1smann,
485 3997 590 4062 fateor
623 4019 674 4061 me
708 3997 899 4081 supradicta
931 3999 1101 4082 recepisse,
1141 3998 1371 4082 peccuniarum
1404 4002 1502 4062 tamen

329 4105 517 4190 quantitate
541 4104 622 4168 mihi
645 4104 829 4186 incognita;
852 4125 916 4169 non
940 4111 1072 4188 poterat
1088 4128 1228 4189 namque
1252 4103 1363 4170 ladula
1386 4105 1502 4188 aperiri,

330 4214 511 4279 eratenim
544 4211 644 4278 clavis
677 4233 744 4278 nna
776 4214 915 4294 amissa3
939 4217 981 4278 32
1006 4213 1079 4278 den.
1102 4219 1214 4278 tamen
1237 4211 1321 4278 visos
1346 4213 1502 4297 suseepia

329 4319 458 4406 prefato
490 4319 581 4402 Mag.
614 4317 767 4404 Caspare,
791 4312 1006 4404 procuratore
1031 4319 1234 4405 precedente,
1269 4319 1358 4384 ultra
1380 4341 1436 4384 sua
1457 4339 1501 4382 ex·

328 4430 436 4514 posita
458 4427 499 4491 de
522 4428 694 4510 perceptis.

440 4535 500 4630 MA
509 4533 681 4618 beziratbsn
702 4567 788 4618 1491:
809 4564 925 4618 fontebb
945 4565 968 4618 is
982 4575 1024 4620 24.
1039 4567 1056 4619 1.
1077 4584 1108 4620 az
1130 4575 1207 4620 1491.
1227 4567 1367 4618 cvszstmot
1385 4568 1499 4618 irtacus

328 4643 501 4767 procuraffir,
521 4637 723 4707 gyanithatoun
736 4641 819 4704 azert,
839 4641 912 4691 mort
925 4641 1172 4712 procuratorsagat
1185 4635 1251 4694 enak
1265 4639 1331 4706 bjev
1349 4639 1432 4710 nspje
1441 4637 1498 4689 utin

328 4729 425 4783 Jegyze
481 4753 487 4766 .
