3334 5322
1280 411 1344 471 215

153 611 176 670 8
206 606 278 672 den.
310 606 396 672 Item
422 611 568 690 tempore
593 606 734 689 conrpoti
761 609 801 672 13
827 607 897 672 den.
922 612 956 672 61
979 606 1177 690 resignando
1202 605 1345 674 officium

152 739 230 782 mee
253 717 443 801 procuracie
466 716 500 782 in
524 736 638 780 manus
662 713 862 783 honorabilis
885 715 946 780 viri
969 713 1060 798 Mag.
1083 715 1187 782 Blasii
1208 711 1346 780 Hdbsch

153 825 200 891 de
233 819 452 909 Meyrpoth1)
485 845 594 888 coram
627 822 768 888 discreto
801 822 1053 890 baccalariando
1082 823 1271 889 *Laurencio
1306 824 1345 888 de

155 934 362 1000 Themesvar
385 937 418 1024 et
446 932 519 998 aliis
552 931 710 1016 pluribus,
735 929 810 996 dedi
843 931 948 996 eidem
981 930 1071 1014 Mag.
1095 931 1207 998 Blasio
1233 937 1250 996 7
1276 931 1345 998 flor.

154 1044 232 1110 auri
257 1048 291 1108 61
315 1047 334 1107 5
360 1041 416 1110 sol.
441 1040 513 1106 den.

680 1165 828 1227 (145511.)

267 1289 340 1375 Ego
372 1291 472 1375 Mag.
495 1292 626 1358 Lucas
652 1293 697 1358 de
720 1288 826 1356 Alba
859 1289 1055 1374 resignando
1084 1289 1170 1354 bona
1199 1289 1344 1355 nacionis

153 1403 334 1492 Hungarie
357 1405 391 1468 in
415 1425 528 1469 manus
551 1399 779 1484 Mag'Jacobi
802 1399 842 1464 (16
867 1398 997 1466 Oibinic
1021 1398 1096 1464 dedi
1118 1403 1135 1462 7
1157 1398 1226 1463 flor.
1249 1397 1345 1463 Hun-

154 1513 819 1594 ἕ61106166618601.611811660111
853 1509 947 1575 libris
966 1514 1004 1574 ¹et
1026 1507 1139 1574 ladula
1172 1527 1238 1573 una
1271 1529 1373 1576 cum.

154 1621 288 1687 duabus
312 1603 456 1688 clavibus
481 1626 515 1686 61
540 1623 582 1686 24
606 1618 760 1685 candelis.

691 1800 825 1862 (14661.)
949 1788 952 1796 ’

269 1925 316 1994 Et
339 1949 398 2011 ego
430 1927 532 2010 Mag.
556 1927 727 2010 Jacobus
755 1927 801 1992 de
829 1924 992 1992 (libinio
1025 1925 1226 2008 prescriptus
1254 1945 1345 1990 1600-

153 2059 280 2122 gnosco
303 2058 354 2102 me
372 2037 458 2102 bona
482 2037 627 2102 nacionis
651 2036 802 2120 predicta
817 2056 837 2098 a
852 2039 1026 2119 prenotato
1050 2031 1141 2116 Mag.
1156 2033 1248 2098 Luca
1271 2053 1345 2116 per-

153 2147 285 2228 cepisse
309 2167 418 2210 coram
441 2145 628 2210 reverendis
647 2144 725 2209 viris
748 2141 910 2228 Gregorio
931 2143 971 2206 de
991 2140 1287 2225 Quinqueecclesiis
1311 2145 1344 2206 et

154 2251 288 2318 Thema
312 2252 528 2343 Thaubauser
553 2253 593 2318 de
617 2247 753 2334 (libinio,
777 2253 901 2317 arcium
924 2251 1100 2334 magistris.

267 2361 445 2446 Exposita:
465 2361 552 2427 Item
571 2366 645 2445 post
665 2361 838 2426 lectionem
862 2364 1064 2426 statutorum
1087 2379 1147 2442 pro
1166 2357 1343 2422 collacione

156 2474 179 2534 2
204 2490 253 2551 gr.
286 2470 371 2535 Item
396 2471 429 2536 iu
452 2459 570 2553 uigilia¹
589 2471 694 2536 sancti
717 2469 866 2536 Ladislai
890 2491 949 2552 pro
973 2466 1144 2532 frondibus
1168 2471 1203 2530 et
1225 2466 1340 2548 grami·
1362 2453 1476 2583 jufff'gg

154 2576 256 2641 nibus
281 2583 299 2643 2
325 2599 372 2660 gr.
396 2578 482 2643 Item
505 2577 777 2644 Predicatoribus
801 2597 861 2660 pro
884 2575 992 2640 officio
1017 2579 1149 2639 cantato
1168 2569 1209 2656 ¹l„
1224 2572 1344 2638 libram
1416 2559 1422 2571 ’
1480 2557 1486 2570 ’

156 2687 232 2752 den.
256 2687 344 2752 Item
368 2685 568 2770 predicatori
590 2681 632 2770 ll,
648 2685 766 2751 libram
790 2683 861 2750 den.
884 2683 972 2750 Item
997 2704 1056 2767 pro
1080 2679 1344 2747 intimacionibus

154 2796 291 2879 scriptis
315 2801 334 2861 2
359 2817 407 2878 gr.
440 2795 527 2861 Item
551 2794 687 2860 bedellis
719 2815 780 2878 pro
804 2813 917 2858 eorum
946 2792 1089 2856 serviciis
1112 2791 1147 2855 in
1170 2789 1254 2855 festo
1286 2811 1344 2874 pa·

154 2905 248 2972 troni
272 2911 292 2969 8
316 2925 363 2988 gr.
386 2903 473 2970 Item
497 2901 620 2968 famulo
644 2903 771 2982 bedelli‚
795 2902 851 2985 qui
875 2900 1014 2966 multum
1039 2899 1184 2965 cucurrit
1208 2903 1226 2962 1
1252 2919 1299 2981 gr.

268 3013 354 3080 Item
377 3012 574 3097 resignando
598 3011 741 3078 officinm
775 3010 1019 3095 procuracionis
1042 3029 1122 3090 mee,
1147 3007 1269 3072 electus
1294 3012 1344 3071 est

154 3124 189 3186 in
215 3127 462 3205 procuratorem
485 3121 631 3186 nacionis
661 3121 751 3203 Mag.
775 3119 932 3186 Nicolaus
956 3117 996 3182 de
1021 3115 1164 3199 Noytod,
1188 3115 1240 3180 cui
1264 3114 1344 3179 assi·

154 3231 256 3312 gnavi
288 3231 323 3295 in
356 3231 526 3315 presencia
554 3229 786 3312 magistrorum
818 3227 905 3316 bons
938 3227 1084 3291 nacionis
1117 3223 1344 3307 infrascripta:

155 3339 272 3404 Primo
295 3337 441 3404 ladulam
464 3362 538 3405 cnm
557 3339 684 3404 duabus
708 3335 861 3416 clavibus,
878 3337 911 3400 in
928 3356 994 3418 qua
1017 3333 1151 3398 suerunt
1174 3331 1344 3396 matricula

154 3470 242 3513 nova
277 3454 310 3512 61
343 3450 490 3532 antiqua,
523 3447 672 3530 hystoria
704 3445 810 3510 sancti
848 3443 999 3510 Ladislai
1032 3443 1118 3526 regis
1153 3446 1186 3505 et
1217 3460 1344 3524 pannus
1406 3443 1410 3452 '

156 3557 317 3624 funeralis
350 3559 425 3622 etl
451 3557 521 3622 flor.
546 3554 761 3639 Ungaricales
785 3561 819 3620 et
843 3559 861 3619 5
887 3551 1049 3632 selden,
1075 3554 1114 3614 21
1141 3549 1231 3630 den.;
1264 3549 1342 3614 item

155 3670 201 3731 24
226 3663 361 3730 candele
383 3681 483 3747 parve
507 3665 586 3728 614
609 3683 735 3745 magne.

680 3839 760 3900 (1456
779 3837 826 3900 ΙΙ.)

266 3967 339 4054 Ego
363 3970 462 4053 Mag.
486 3967 677 4034 Nicolaus
702 3967 746 4032 de
768 3966 960 4053 Noythod,
984 3966 1181 4030 substitutus
1201 3963 1342 4030 secundo

154 4082 210 4147 die
235 4079 327 4146 beati
350 4077 529 4143 Laurencii
552 4079 709 4160 martiris,
725 4083 759 4142 et
778 4076 817 4144 de
841 4098 924 4142 novo
947 4075 1068 4140 electus
1091 4074 1125 4138 in
1148 4074 1232 4139 festo
1255 4072 1343 4137 beati
1363 4061 1489 4193 aslffil.

154 4187 352 4257 Colomanni
375 4186 522 4250 martiris
540 4186 574 4250 in
593 4191 841 4271 procuratorem
865 4185 1009 4250 nacionis
1034 4181 1171 4266 prefata
1188 4181 1294 4246 fateor
1311 4185 1345 4245 et
1391 4204 1468 4262 1116,

155 4315 355 4379 recognosco
379 4292 440 4358 hec
469 4291 606 4376 singula,
630 4298 668 4357 ut
701 4293 914 4376 premittitur,
939 4291 1100 4374 recepisse
1124 4311 1144 4354 a
1167 4287 1344 4354 venerabili
1371 4269 1428 4321 ⁰kl·
1445 4278 1485 4322 ¹3·

154 4405 247 4488 Mag.
268 4403 308 4468 de
333 4401 471 4484 (libinio,
496 4399 702 4486 presentibus
726 4401 848 4466 ibidem
871 4401 1043 4486 Magistrie
1067 4399 1160 4466 Luca
1183 4398 1223 4463 de
1243 4396 1341 4478 Alba,

267 4583 288 4644 ¹)
307 4579 438 4646 rolleno,
466 4579 576 4648 hogya
604 4581 767 4647 procurator
795 4577 900 4630 ezdttal
929 4576 1017 4630 eldd
1027 4579 1064 4642 je
1092 4575 1193 4629 kezebe
1221 4574 1287 4628 teszi
1316 4573 1342 4629 le

153 4671 306 4742 hiratalait,
325 4670 417 4725 holott
434 4669 577 4726 ktilduben
596 4671 663 4725 uto
674 4669 740 4738 dja
758 4669 859 4726 kczdbe
878 4668 973 4724 szokta
992 4667 1105 4723 letenni.
