3324 5326
281 541 287 552 ·
321 451 386 516 em

177 631 281 762 gig-⁸⁵3¹,
430 650 493 717 Die
510 654 538 716 3.
554 651 673 718 mensis
689 651 782 733 Maii,
799 651 1025 717 serenissimus
1048 651 1208 718 archidux
1223 649 1382 718 Austriae
1399 651 1505 718 Maxi·

322 759 472 826 milianus
487 761 573 828 inter
590 763 738 828 solennes
757 762 913 828 ecclesiae
930 761 1013 827 ritus
1029 763 1064 827 in
1080 762 1227 828 ordinem
1251 761 1503 845 Oruoigerorum

90 905 101 924 ,
175 847 307 982 sem&
322 866 577 936 Teutouiocrum
611 869 674 935 fuit
697 875 854 954 receptus.
878 868 942 934 Die
974 891 1051 938 vero
1076 875 1128 936 23.
1161 868 1364 956 Septembris
1388 871 1431 936 ad
1454 891 1504 935 as·

249 985 252 990 '
320 979 510 1046 sumendam
533 979 630 1046 huius
654 981 777 1046 ordinis
800 1003 960 1048 summam
984 981 1227 1066 praefecturam
1243 983 1278 1047 in
1301 983 1502 1067 superiorem

318 1083 530 1153 Germaniam
554 1089 673 1156 celebri
696 1091 855 1157 comitatu
878 1091 1010 1159 Vienna
1034 1091 1203 1168 discedens
1226 1115 1295 1158 sese
1312 1093 1458 1159 contulit

424 1197 489 1262 Die
507 1203 535 1264 2.
551 1198 577 1265 J
578 1201 646 1266 unii
668 1199 861 1285 Rodolphus
877 1200 935 1284 11,
952 1200 1176 1271 Romanorum
1192 1201 1387 1286 Imperator,
1403 1198 1502 1266 Oaro-

318 1303 369 1370 lus
392 1311 426 1370 et
449 1307 623 1393 Ernestus,
647 1305 806 1374 Austriae
830 1307 1029 1388 archiduces,
1052 1308 1114 1374 sub
1138 1309 1326 1376 solennibus
1349 1307 1502 1373 eeclesiae

317 1413 436 1481 ritibus
451 1416 485 1481 in
501 1417 691 1483 societatem
714 1417 860 1500 equitum
885 1418 975 1483 aurei
998 1417 1139 1486 Velleris
1162 1417 1300 1500 Pragee,
1324 1416 1503 1482 Bohemiao

184 1530 244 1595 jun.
265 1540 289 1587 a.
319 1525 499 1608 metropoli,
516 1525 610 1590 asciti
626 1525 771 1590 fuerunt.
786 1523 923 1590 Postero
948 1529 1060 1590 autem
1077 1526 1129 1592 die
1145 1523 1291 1591 illustres
1306 1532 1340 1591 et
1356 1528 1502 1608 generosi

317 1629 457 1697 barones
480 1631 600 1698 domini
632 1632 850 1700 Leonhardus
874 1631 916 1700 ab
940 1634 1095 1699 Harraoh
1127 1635 1242 1714 senior,
1271 1633 1393 1700 stabuli
1417 1634 1504 1700 infra

318 1737 463 1808 Ouasum
479 1740 664 1826 praelectus
680 1763 859 1826 supremus,
876 1747 909 1807 et
929 1739 1134 1808 Guilhelmus
1154 1763 1174 1806 a
1193 1741 1391 1826 Rosenberg,
1417 1742 1504 1808 arcis

318 1849 492 1932 Pragensis
515 1849 740 1932 Burggravius
764 1855 834 1931 ete,
859 1849 956 1916 ambo
973 1869 1086 1915 sacrae
1109 1848 1290 1916 Caesareae
1312 1849 1503 1914 Maiestatis

317 1957 496 2023 consiliarii
519 1958 634 2040 intimi,
658 1959 691 2024 in
716 1959 856 2024 eundem
879 1981 1055 2024 numerum
1079 1960 1226 2042 equitum
1243 1957 1400 2043 adscripti
1417 1965 1503 2024 sunt.

185 2131 286 2181 15891
425 2065 466 2130 Iu
491 2065 633 2132 eiusdem
657 2067 799 2131 nationis
831 2073 1078 2150 procuratorem
1102 2067 1151 2132 fui
1174 2067 1297 2134 electus
1320 2069 1503 2134 mutatione

173 2201 232 2268 apr.
254 2208 294 2256 14.
318 2174 475 2253 aestivali,
499 2175 531 2240 iu
548 2173 632 2240 festo
658 2175 763 2240 sancti
787 2173 939 2257 Tiburtii,
963 2195 1048 2242 anno
1072 2174 1362 2257 MDLXXXIX,
1386 2177 1420 2242 in
1437 2197 1504 2261 qua

317 2285 548 2367 procuratione
571 2283 651 2348 haec
675 2289 752 2348 sunt
775 2287 876 2365 gesta.

425 2391 521 2458 Circa
544 2391 739 2475 principium
762 2389 890 2476 Aprilis
913 2391 1034 2456 milites
1050 2391 1191 2472 Turcici,
1207 2398 1384 2476 postquam
1407 2393 1503 2457 intel·

316 2499 471 2566 lexissent
494 2498 732 2583 Beglerbegum
749 2496 820 2582 (qui
837 2499 997 2564 sccundus
1013 2521 1034 2564 a
1049 2499 1188 2566 Turcico
1203 2500 1413 2585 Imperatore
1428 2507 1503 2566 erat

317 2615 350 2674 et
373 2630 491 2674 munus
526 2607 793 2674 exsolvendorum
825 2607 1062 2691 stipendiorum
1095 2603 1223 2690 obibat)
1247 2629 1267 2673 a
1291 2608 1504 2675 fraudulenta

315 2717 491 2784 eorundem
524 2715 726 2782 exsolutione
759 2713 897 2780 necdum
930 2713 1096 2792 desistere,
1128 2715 1370 2798 conspiratione
1404 2717 1503 2798 lacta,

315 2849 425 2893 omnes
442 2825 484 2892 ad
500 2825 641 2909 Regiam
656 2829 885 2908 processerunt
901 2831 934 2889 et
951 2823 1014 2889 sibi
1030 2823 1270 2908 Beglerbegum
1293 2824 1503 2908 praedictum

314 2937 387 3002 dari
403 2934 447 3000 ad
470 2933 603 2999 eaedem
626 2953 745 3016 magna
768 2932 928 2996 instantia
945 2937 978 2998 et
995 2931 1105 2998 furore
1130 2939 1398 3017 expoposceruut,
1421 2954 1504 3016 quo-

313 3066 387 3109 rum
410 3041 593 3128 indignatio
616 3062 689 3107 oum
705 3039 796 3106 nulla
818 3041 945 3106 ratione
969 3039 1078 3106 sedari
1100 3045 1219 3126 posset,
1243 3046 1343 3124 caput
1367 3039 1503 3122 Begler-

313 3151 388 3235 begi
410 3151 543 3217 iamiam
566 3149 755 3216 obtruncati
778 3149 825 3214 eis
848 3149 1006 3215 traditum
1031 3149 1102 3230 fuit,
1126 3169 1191 3234 quo
1216 3150 1283 3214 viso
1307 3153 1340 3212 et
1364 3147 1504 3232 pedibus

313 3260 487 3326 hincinde
511 3280 569 3343 per
603 3262 827 3342 contemptum
858 3257 1008 3341 impulso,
1041 3279 1111 3323 sese
1135 3256 1278 3322 universi
1301 3277 1362 3340 per
1386 3255 1504 3320 urbem

312 3366 711 3450 Constantinopolitanam
745 3364 932 3431 effuderunt
964 3386 1085 3450 magua
1107 3363 1291 3446 insolentia,
1315 3361 1428 3430 multis
1453 3370 1503 3428 ta·

312 3475 422 3543 bernis
440 3475 644 3542 mercatoriis
661 3480 694 3540 et
710 3474 784 3542 aliis
816 3473 972 3540 aedificiis
991 3475 1139 3556 incensis,
1158 3472 1401 3554 innumerisque
1417 3491 1503 3536 mer-

316 3585 408 3651 cibus
431 3583 541 3668 magni
566 3581 665 3666 pretii
689 3583 808 3666 partim
834 3581 979 3664 direptis,
1002 3582 1125 3666 partim
1148 3581 1319 3665 corruptis,
1344 3577 1504 3663 plurimos

314 3694 471 3774 homines,
495 3691 690 3776 praesertim
713 3687 739 3754 J
741 3687 842 3772 udeos
864 3687 1063 3769 oeciderunt,
1097 3710 1161 3772 quc
1186 3685 1332 3754 incendio
1366 3687 1504 3753 aiebant

254 3805 257 3810 “
316 3801 448 3886 quidam
481 3797 524 3864 ad
548 3797 663 3881 viginti
685 3796 795 3877 millia,
819 3795 877 3861 alii
900 3795 951 3860 his
974 3795 1071 3880 plura
1093 3794 1245 3861 aedificia
1267 3794 1503 3880 conflagrasse.

191 1173 280 1250 Ι1585,

185 1239 245 1302 11111.
265 1248 289 1297 2.

423 3923 538 3991 Mense
561 3924 715 4008 Angusto
740 3923 883 4003 Tartari,
907 3924 1118 4008 impressione
1143 3923 1176 3988 in
1200 3921 1373 3988 Polouiam
1403 3921 1504 4004 facta,

312 4035 424 4100 multis
448 4035 542 4118 pagis
559 4037 592 4096 et
609 4031 736 4116 oppidis
760 4031 899 4116 direptis
916 4035 950 4095 et
966 4031 1100 4112 exustis,
1123 4028 1376 4113 hominibusque
1398 4030 1504 4096 inter-

312 4144 415 4224 iectis,
438 4142 566 4224 aliquot
589 4139 691 4204 millia
714 4139 880 4206 homiuum
905 4160 977 4204 cum
997 4137 1155 4222 jumentis
1171 4139 1206 4204 iu
1229 4137 1422 4204 servitutem
1447 4137 1504 4203 ab·

312 4251 485 4332 duxemmt,
510 4269 595 4332 quae
617 4255 730 4313 tamen
753 4248 869 4312 maiori
894 4267 934 4312 ex
957 4252 1051 4332 parte
1074 4245 1165 4312 salva
1187 4253 1265 4312 sunt
1287 4245 1353 4311 illis
1377 4251 1504 4329 erepta

420 4373 490 4442 Sub
528 4373 626 4440 finem
664 4374 784 4438 mensis
820 4369 1023 4456 Septembris
1056 4371 1302 4438 Maximiliauus
1341 4371 1505 4438 archidux

312 4483 479 4567 Ananiae,
504 4482 626 4550 electus
650 4479 850 4547 Polonorum
873 4501 942 4564 rex,
966 4503 1040 4547 oum
1064 4479 1105 4546 ab
1129 4479 1193 4544 illis
1217 4479 1340 4546 multas
1363 4481 1504 4548 iniurias

313 4592 374 4657 sibi
398 4593 562 4676 irrogatas
578 4591 668 4657 ultra
684 4591 935 4676 sesquialterum
952 4611 1073 4656 annum
1096 4589 1260 4656 constanti
1277 4589 1388 4654 animo
1404 4593 1503 4658 susti·

311 4702 443 4784 nuisset,
467 4699 605 4768 adfines
628 4699 786 4766 Polouiae
810 4721 868 4784 per
893 4699 1081 4766 Palatinum
1104 4697 1353 4766 cracoviensem
1378 4703 1411 4764 et
1435 4702 1503 4785 epi·
