3324 5326
326 455 389 519 310

324 653 404 718 meis
442 659 575 736 praeter
613 653 733 718 librum
772 653 914 718 nationis
952 653 1072 736 accepi,
1120 650 1242 716 idcirco
1281 649 1342 715 hoc
1380 649 1507 714 nomine

323 762 501 847 requisitus
524 759 606 827 nihil
630 763 720 828 ultra
743 763 897 845 cuiquam
921 781 972 826 ma
996 760 1115 826 debere
1139 759 1296 845 profiteor
1320 758 1506 824 5111110155

324 871 530 955 posteritatis
554 872 664 954 gratia
686 871 827 954 ingenue
849 875 1025 955 protestor.

432 980 560 1047 Eodem
576 1003 663 1048 anno
680 981 885 1066 Rodulphus,
902 981 1063 1048 archidux
1087 979 1249 1049 Austriae
1264 988 1298 1048 et
1313 979 1506 1064 Hungariae

324 1111 391 1171 rex,
408 1091 631 1175 augustissimi
647 1091 870 1156 Romanorum
887 1091 1096 1175 imperatoris
1113 1089 1332 1156 Maximiliani
1348 1088 1398 1155 II.
1414 1087 1505 1167 filius,

226 1270 240 1314 5
326 1197 482 1283 postridie
506 1199 572 1264 divi
596 1198 763 1264 Matthaei
786 1198 938 1282 Apostoli
963 1205 996 1264 et
1020 1199 1250 1282 evangelistae,
1273 1217 1358 1282 quae
1382 1202 1432 1261 est
1456 1202 1507 1261 91.

93 1362 98 1372 ,
180 1271 311 1406 ,Θέῧῇ
325 1307 444 1371 mensis
468 1304 679 1391 Septembris
712 1307 843 1391 Pragae
866 1307 960 1391 regni
993 1307 1172 1373 Bohemiae
1195 1327 1350 1372 coronam
1374 1303 1506 1387 accepit,

324 1415 376 1480 oui
399 1437 419 1480 a
442 1417 515 1481 Deo
539 1415 661 1500 optimo
685 1415 826 1480 maximo
858 1412 986 1480 felicem
1009 1436 1119 1488 rerum
1153 1435 1346 1494 successum,
1369 1411 1506 1476 salutem

324 1529 358 1588 et
380 1524 550 1590 victoriam
576 1529 689 1590 contra
705 1543 815 1588 omnes
839 1519 1049 1590 Christianae
1075 1522 1150 1588 fidei
1167 1527 1201 1588 et
1215 1521 1384 1605 religionis
1399 1520 1508 1584 hostes

324 1632 367 1698 ad
390 1638 585 1716 perpetuam
609 1634 747 1700 nominis
771 1633 821 1698 sui
844 1632 984 1715 gloriam
1018 1634 1239 1718 ecclesiaeque
1271 1635 1507 1698 incrementum

325 1739 440 1806 devote
463 1748 496 1806 et
519 1761 559 1806 ex
582 1743 691 1808 animo
714 1763 896 1826 precamur.

431 1845 565 1914 Accidit
588 1849 702 1914 eodem
717 1853 872 1932 tempore,
888 1853 925 1913 ut
941 1837 1081 1914 maximi
1092 1869 1152 1933 per
1167 1847 1377 1932 Hungariam
1393 1849 1509 1913 existe-

324 1961 399 2020 rent
421 1956 591 2022 tumultus.
615 1953 757 2039 Quidam
781 1957 867 2022 enim
889 1977 1041 2041 proceres
1065 1956 1229 2024 inferioris
1251 1957 1442 2022 Pannoniae
1458 1977 1509 2020 co-

324 2071 400 2130 acta
433 2087 532 2130 manu
566 2087 638 2132 cum
675 2065 820 2130 exercitu
844 2063 1033 2130 Weiwodae
1057 2064 1329 2149 Transsylvaniae
1362 2063 1510 2130 Palatini

324 2194 443 2257 parum
466 2173 608 2238 feliciter
631 2177 823 2258 pugnarunt
846 2173 1061 2257 pluribusque
1084 2195 1218 2240 suorum
1241 2173 1370 2238 amissis
1392 2173 1510 2237 misere

324 2280 490 2364 profligati
513 2287 600 2346 sunt.
632 2277 768 2363 Quare
801 2281 891 2346 nacti
925 2281 1134 2362 occasionem,
1169 2281 1297 2346 Turcae
1328 2279 1428 2344 variis
1453 2299 1510 2343 ax·

324 2387 530 2454 cursionibus
553 2388 710 2454 finitimas
734 2385 855 2454 Stiriae
879 2393 914 2454 et
936 2387 1133 2472 Hungariaa
1161 2393 1273 2472 partes
1296 2385 1452 2452 invadere
1475 2390 1511 2448 et

323 2497 418 2582 pagis
442 2497 570 2579 aliquot
592 2496 731 2562 incensis
760 2495 1011 2580 hominibusque
1034 2497 1155 2582 passim
1179 2495 1331 2586 abductis
1355 2514 1509 2576 magnam

323 2605 445 2670 nostris
470 2603 595 2668 cladem
618 2605 740 2670 inferre
773 2610 958 2689 coeperunt
983 2601 1147 2688 Quocirca
1169 2607 1204 2670 in
1227 2602 1379 2683 Austris,
1404 2599 1510 2668 Stiria

324 2718 358 2780 et
374 2712 546 2779 Corinthia
561 2713 683 2796 ubique
699 2713 845 2780 delectus
861 2714 1001 2780 militum
1016 2714 1189 2791 habentur,
1200 2719 1234 2779 et
1243 2712 1352 2778 edicto
1368 2708 1511 2794 promul-

324 2827 401 2906 gato
424 2821 611 2904 trigesimus
635 2822 774 2905 quisque
789 2827 824 2887 et
839 2821 984 2888 decimus
1007 2843 1067 2906 pro
1091 2842 1181 2888 more
1206 2820 1331 2887 evocati
1357 2817 1511 2884 inarmis

324 2951 394 2996 esse
413 2929 581 3013 jubentur.

431 3037 474 3102 In
496 3035 608 3102 album
641 3037 785 3102 nationis
816 3059 934 3103 nomen
967 3059 1061 3104 suum
1085 3036 1178 3102 dedit
1207 3035 1309 3104 Vitus
1342 3033 1512 3100 Schiesser

323 3143 581 3210 Novodomensis
604 3143 777 3227 Echemus,
801 3144 893 3212 dedit
920 3150 937 3210 1
963 3167 1011 3229 gr.
1035 3144 1122 3212 Vide
1146 3166 1247 3228 supra
1270 3142 1325 3208 fol.
1352 3135 1464 3222 1301).

805 3253 914 3337 Mag.
938 3251 1162 3320 Sebaldus
1184 3251 1464 3332 Penninger.

192 3422 259 3469 1⁵⁷⁵
278 3418 307 3466 Π
433 3409 495 3499 Qui
511 3411 634 3478 fuerint
649 3412 745 3478 huius
760 3413 903 3480 nationis
919 3413 1275 3497 procuratorasafcsto
1292 3413 1397 3478 sancti
1414 3409 1512 3478 Colo-

192 3571 203 3617 1
209 3520 261 3614 ,ἦ
278 3561 307 3611 11
325 3523 438 3589 manni
462 3522 539 3588 anni
566 3523 651 3586 1575
676 3543 779 3606 usque
803 3521 846 3588 ad
869 3521 990 3588 festum
1013 3521 1161 3590 divorum
1186 3518 1331 3588 Tiburtii
1354 3524 1388 3584 et
1409 3517 1513 3586 Vale·

325 3630 411 3696 riani
438 3630 533 3712 1579,
557 3628 631 3694 vide
654 3649 755 3714 supra
778 3629 831 3694 101.
856 3633 930 3713 129,
955 3637 989 3696 et
1012 3632 1069 3714 qui
1092 3631 1226 3696 nomina
1258 3649 1318 3694 sua
1341 3629 1376 3693 in
1397 3626 1513 3693 album

323 3738 420 3803 huius
443 3735 585 3802 nationis
609 3735 669 3802 sub
693 3735 757 3802 illis
781 3736 898 3803 referri
922 3742 1088 3820 curarunt,
1113 3735 1168 3804 fol.
1195 3737 1305 3814 130⁹).
1329 3733 1410 3802 Alia
1432 3740 1513 3800 acta

325 3865 438 3910 eorum
462 3842 700 3908 desiderantur.

182 3959 297 4082 4¹⁵rlll}
431 3964 526 4036 Auno
562 3975 657 4053 1579,
688 3992 748 4055 per
779 3972 938 4038 aestivam
970 3971 1189 4038 mutacionem
1222 3992 1242 4038 a
1274 3969 1327 4036 die
1360 3967 1514 4035 dirorum

199 4047 241 4098 r·
297 4070 303 4084 ·
325 4079 470 4146 11511111
493 4082 527 4144 et
549 4078 728 4160 Valeriani,
753 4100 812 4162 ego
844 4079 1014 4145 Paulus
1045 4079 1306 4162 mauritius,
1329 4078 1514 4144 messinae

324 4187 448 4270 doctor,
464 4185 614 4253 Caesaris
638 4188 897 4271 mathematicus,
914 4209 985 4254 sum
1001 4187 1126 4254 electus
1149 4192 1344 4272 procurator
1365 4187 1514 4253 nationis

324 4295 465 4378 inclytae
488 4295 709 4378 Hungaricae.
732 4293 800 4360 Sub
823 4317 875 4362 me
898 4301 1109 4379 procuratore
1133 4295 1284 4379 inscripti
1308 4288 1441 4377 sunt³):

432 4401 631 4469 Valentinus
654 4401 816 4468 Fuchsius
839 4404 1044 4471 annensis
1066 4403 1235 4471 Moravus.

433 4581 454 4641 ι)
472 4576 598 4631 Fdntabb
619 4585 680 4631 302.
698 4577 717 4632 l.

432 4655 452 4713 ¹)
472 4650 598 4703 Fontabb
619 4657 768 4704 301—303.
788 4649 807 4704 l.

433 4726 453 4787 ³)
473 4727 510 4776 Ez
530 4739 559 4776 az
578 4723 608 4774 ot
626 4721 758 4776 scholaris
777 4727 838 4779 matr
856 4721 973 4780 15111051)
992 4739 1009 4779 a
1029 4732 1089 4780 302.
1102 4725 1131 4779 55
1146 4732 1206 4781 303.
1220 4723 1238 4781 l.
1252 4725 1288 4780 be
1301 4725 1514 4794 vanjegyesue.
