3324 5326
219 851 296 909 1608,

200 931 263 986 aug.
283 923 307 969 4.

229 3991 307 4052 reos,

205 4060 266 4126 jhu.
286 4065 311 4110 9.

203 4451 250 4517 iol.
266 4459 331 4507 149²

336 448 400 514 340

334 655 368 714 et
392 656 486 715 extra
509 650 675 728 civitatem
702 651 741 715 12
766 667 864 716 arcus
897 645 1119 736 triumphales,
1144 650 1245 715 variis
1277 643 1521 714 inventionibus

336 763 370 824 et
393 759 531 842 picturis
555 759 672 824 ornati.

443 867 507 934 Die
531 872 562 933 4.
594 866 740 952 Augusti
764 870 889 935 Rector
921 869 1144 935 universitatis
1169 889 1242 932 cum
1276 867 1426 932 omnibus
1450 865 1518 930 suis

335 976 489 1042 membris
513 975 681 1042 archiduci
704 976 863 1057 Mathiae,
887 981 925 1041 ut
947 975 1033 1058 Regi
1056 975 1227 1058 Ungariae
1245 981 1279 1040 et
1295 973 1424 1038 domino
1447 970 1521 1036 Au·

335 1085 448 1165 striae,
470 1081 658 1167 gratulatus
683 1085 789 1150 estin
813 1081 938 1167 palatio
962 1082 1173 1150 archidncali.
1207 1081 1452 1164 Consequentur
1475 1078 1520 1144 ab

336 1193 485 1259 omnibus
509 1192 679 1258 ordinibus
703 1193 807 1276 regali
831 1193 930 1258 titulo
954 1192 1172 1259 salutabatur.

444 1301 559 1368 Mense
584 1299 770 1386 Septembri
803 1301 991 1368 Oardinalis
1024 1300 1166 1386 quidam,
1199 1299 1307 1366 Roma
1339 1299 1454 1364 missus
1478 1296 1523 1361 ad

337 1411 575 1494 Imperatorem
602 1409 643 1476 ob
666 1411 834 1492 negotium
866 1410 1131 1494 componendum,
1165 1407 1252 1493 quod
1287 1409 1371 1472 inter
1400 1404 1524 1471 iratres

335 1517 449 1583 domus
467 1516 664 1584 Austriacae
680 1518 870 1602 exurgebat,
886 1517 1049 1586 Viennam
1066 1517 1204 1601 appulit.
1221 1513 1293 1597 Qui,
1310 1515 1387 1580 dum
1399 1514 1524 1578 fratres

336 1624 496 1692 Austriae
512 1627 599 1692 inter
615 1647 649 1692 se
665 1626 889 1710 disceptarent
906 1632 939 1692 et
954 1623 1112 1692 haeretici
1135 1624 1322 1708 homagium
1345 1624 1429 1688 inire
1453 1621 1526 1686 nol·

336 1734 415 1816 lent,
439 1736 500 1800 nisi
533 1735 671 1802 libertas
703 1735 872 1818 religionis
904 1734 966 1800 sibi
990 1733 1231 1816 concederetur,
1264 1740 1399 1798 strenue
1432 1729 1525 1814 apud

336 1842 542 1908 archiducem
567 1843 607 1908 de
630 1842 797 1926 religionis
821 1842 1002 1909 catholicae
1025 1845 1228 1908 incremento
1252 1839 1424 1907 laborarit.
1458 1835 1526 1920 Qui

336 1951 437 2015 etiam
461 1972 500 2016 ex
523 1951 621 2016 uariis
644 1949 933 2036 pollicitationibus
958 1951 1148 2034 aPrincipe
1172 1949 1278 2030 factis,
1301 1969 1421 2032 magna
1447 1968 1522 2012 cnm

336 2080 392 2142 spe
416 2059 555 2124 Romam
579 2057 705 2125 redivit.
729 2058 895 2125 Nuncium
913 2067 1023 2126 tamen
1040 2059 1265 2143 apostolicum,
1283 2059 1339 2140 qui
1361 2063 1526 2142 perpetuo

338 2164 381 2229 ad
406 2165 532 2249 Regem
556 2167 724 2232 Mathiam
748 2173 1017 2248 commoraretur,
1041 2168 1133 2250 prius
1156 2165 1346 2232 installavit.

445 2272 586 2340 Ordines
610 2276 763 2341 catholici
786 2297 845 2360 per
869 2275 1043 2342 Austriam
1065 2275 1254 2340 inferiorem
1270 2273 1313 2340 ad
1329 2274 1527 2338 instantiam

337 2382 522 2448 archiducis
546 2383 695 2450 Mathiae
711 2385 899 2467 homagium
915 2383 1055 2450 libenter
1073 2385 1237 2449 iniverunt
1254 2389 1286 2447 et
1299 2383 1527 2466 juramentum
1652 2427 1653 2444 l

339 2487 507 2555 fidelitatis
540 2493 782 2575 promptissime
815 2493 1062 2575 praestiterunt.
1094 2489 1166 2557 Alii
1198 2513 1273 2556 vero
1296 2513 1336 2555 ex
1370 2489 1527 2569 statibus,

336 2599 395 2680 qui
418 2598 551 2663 inerunt
583 2619 686 2666 novae
709 2598 786 2664 fidei
810 2605 843 2664 et
867 2600 1004 2665 alterius
1037 2599 1197 2678 factionis,
1231 2598 1312 2663 haec
1336 2596 1444 2662 facere
1468 2619 1529 2660 au-

339 2706 454 2772 dacter
484 2715 690 2772 recusarunt.
723 2705 797 2791 Qua
821 2709 861 2773 de
886 2729 984 2774 causa
1008 2707 1144 2772 militem
1177 2707 1402 2788 conscripsere
1425 2712 1459 2772 et
1483 2704 1528 2769 ad
1651 2763 1652 2798 ,

339 2835 433 2878 arma
456 2819 572 2879 cantra
595 2815 782 2899 Principem
806 2816 969 2898 progressi
1003 2819 1080 2880 suut
1104 2822 1146 2895 et,
1170 2815 1364 2898 priusquam
1387 2813 1529 2878 libertas

340 2921 508 3004 religionis
532 2922 594 2989 sibi
618 2924 860 3004 concederetur,
895 2923 1083 3006 homagium
1106 2923 1191 2988 inire
1215 2943 1249 2988 se
1272 2922 1361 2987 nolle
1384 2921 1529 3000 aiebant,

340 3030 426 3094 unde
450 3032 484 3094 in
507 3031 607 3096 aruris
631 3035 663 3094 et
686 3031 942 3114 praeparatione
976 3030 1096 3096 bellica
1119 3033 1208 3096 circa
1240 3031 1405 3096 civitatem
1439 3029 1530 3096 Hor·

340 3157 473 3202 neusem
497 3144 661 3204 steterunt
684 3159 788 3222 usque
815 3159 894 3204 suae
922 3139 1085 3204 voluntati
1108 3137 1314 3203 satisfactum
1339 3137 1460 3202 fuerat
1482 3139 1531 3202 Et
1650 3113 1651 3146 i

341 3244 418 3310 licet
442 3245 593 3312 catholici
617 3251 724 3312 status
756 3267 886 3330 quoque
909 3247 943 3310 in
967 3246 1066 3311 armis
1090 3245 1237 3328 Principi
1269 3244 1472 3310 assistebant
1495 3249 1530 3310 et

342 3354 457 3418 maiori
481 3355 611 3438 quidem
635 3355 752 3420 robore
777 3355 820 3421 ad
838 3353 1093 3438 compellendum
1111 3352 1336 3418 inobedientes
1354 3353 1388 3418 in
1405 3355 1530 3438 campis

342 3461 585 3545 comparebant,
601 3464 682 3528 nihil
699 3469 809 3528 tamen
824 3469 864 3527 nt
879 3469 1110 3543 attentaretur,
1122 3462 1187 3528 fuit
1203 3463 1409 3546 permissum.
1425 3463 1474 3528 Et
1483 3465 1530 3528 sic

342 3589 395 3633 res
411 3569 508 3634 militi
524 3571 658 3653 profuit,
681 3593 738 3656 per
762 3593 858 3654 quem
882 3571 924 3636 ab
948 3577 1087 3654 utraque
1110 3577 1206 3654 parte
1230 3572 1393 3636 innumeri
1419 3591 1530 3655 sump-

343 3683 396 3742 tus
412 3677 491 3743 iacti
502 3684 535 3742 et
545 3677 669 3744 incolae
686 3685 755 3743 toto
772 3685 919 3762 tempore
935 3677 1168 3744 miserabiliter
1184 3677 1365 3744 exhaustae
1375 3675 1413 3760 (l)
1430 3679 1531 3744 fuere.

452 3785 527 3850 Hoc
543 3807 629 3852 anno
645 3787 778 3852 inerunt
791 3786 916 3869 judicia
932 3788 967 3852 in
982 3788 1140 3871 regimine
1156 3793 1190 3852 et
1207 3785 1295 3871 apud
1312 3787 1531 3852 marscalcum
1648 3823 1649 3842 ι

344 3915 504 3977 suspensa
521 3900 554 3958 et
571 3895 613 3959 ad
630 3895 768 3960 multum
785 3899 914 3979 tempus
932 3894 1039 3959 forum
1056 3893 1165 3978 quoad
1176 3893 1385 3960 executiones
1397 3896 1533 3978 quierit

452 4003 538 4068 Item
563 4009 592 4068 9.
616 4004 669 4068 die
701 4003 820 4068 mensis
854 4004 949 4069 Junii
982 4009 1131 4068 mortuus
1156 4007 1207 4068 est
1237 4002 1533 4068 reverendissimus

344 4111 440 4176 Dom.
465 4110 626 4195 Sohuhay,
660 4115 831 4197 episcopus
863 4113 1053 4194 Nitriensis,
1074 4119 1107 4178 et
1130 4111 1278 4195 sepultus
1303 4118 1355 4177 est
1379 4109 1533 4178 Viennae

344 4220 378 4284 in
401 4218 558 4302 templum
583 4215 621 4301 (Ι)
645 4218 784 4285 Petrum
808 4217 983 4286 Societatis
1007 4219 1100 4285 Jesu.

858 4363 940 4426 (reos
959 4364 1007 4425 11.)

452 4447 519 4517 Hic
535 4453 763 4518 desiderantur
773 4459 848 4519 acta
856 4455 1079 4538 procuratoris
1089 4453 1261 4520 reverendi
1270 4451 1386 4519 Patris
1403 4451 1536 4519 Prioris

345 4559 435 4642 apud
459 4554 699 4642 Domitiicanos,
723 4563 780 4644 qui
804 4561 927 4628 electus
952 4561 1015 4627 fuit
1039 4563 1295 4628 die...ann0...
1309 4556 1335 4643 ¹)

458 4705 477 4766 ¹)
496 4706 562 4774 Igyt
584 4705 608 4756 A
627 4701 726 4755 datum
744 4699 884 4770 hianyzik.
903 4703 943 4754 Aa
962 4699 1038 4756 oldai
1058 4699 1138 4754 tebbi
1156 4702 1230 4754 resae
1249 4705 1321 4754 iires.
