3296 5328
1320 459 1338 516 ll

147 679 189 721 ex
216 656 338 719 recenti
362 653 464 739 libera
488 655 628 722 facultas
652 654 714 720 sibi
739 655 861 739 pateat,
885 661 978 720 extra
996 654 1177 739 predictam
1195 655 1337 720 ludularn

148 765 414 848 conservandam,
438 766 479 832 de
502 788 567 850 qua
591 764 806 832 sufficientem
831 765 989 830 rationem
1019 765 1117 831 faciet
1152 785 1233 830 novo
1266 783 1339 847 pro-

147 878 298 942 curatori
323 877 459 942 termino
483 881 617 942 statuto.

150 1099 205 1160 17.
230 1091 271 1159 Si
296 1117 338 1158 ex
363 1100 474 1179 parte
499 1094 677 1158 defuncti
702 1115 770 1178 pro
795 1092 970 1158 candelis
1003 1092 1154 1158 exustis
1189 1089 1339 1174 aliquid

613 1203 698 1272 dari
723 1203 875 1268 debeat.

259 1341 395 1412 Placuit
427 1347 531 1412 eidem
565 1348 696 1430 nationi,
731 1347 817 1431 quod
850 1347 1067 1432 respiciantur
1099 1365 1159 1430 pro
1182 1366 1221 1410 ea
1244 1349 1339 1430 parte
1360 1355 1425 1410 'fot
1446 1363 1477 1408 a·

146 1455 319 1520 talismodi
343 1456 376 1520 in
400 1457 574 1524 matricula
607 1456 774 1524 facultatis
807 1457 932 1542 areium
965 1460 1127 1534 contenta,
1161 1454 1188 1520 si
1220 1453 1256 1532 is,
1289 1451 1340 1517 cui

147 1565 289 1646 exequie
321 1569 532 1646 peraguntur,
564 1586 624 1649 pro
656 1563 865 1630 candelarum
897 1563 1134 1628 excrematione
1164 1561 1243 1646 quid
1263 1559 1340 1658 dare

145 1677 300 1768 tenetur;
324 1672 513 1756 ipso'modo
537 1680 570 1738 et
593 1674 626 1738 iu
651 1674 782 1738 natione
806 1680 920 1740 nostra
944 1665 1181 1753 observetur1).

190 1891 242 1954 18.
266 1887 323 1954 De
346 1911 444 1974 pena
467 1891 744 1974 procuratoris
768 1889 1055 1972 predicatorem
1078 1911 1153 1954 nou
1178 1847 1303 1971 dispe-¹
1327 1849 1332 1874 .-

281 1998 411 2063 nentis
435 2005 472 2063 et
496 1998 692 2082 qualitate
717 2000 994 2081 procuratoris
1027 1999 1210 2082 eligendi.

260 2129 357 2206 duno
381 2140 516 2207 Domini
541 2149 599 2208 etc.
625 2145 776 2210 vicesimo
800 2145 910 2226 tercio,
935 2143 987 2208 die
1011 2143 1107 2208 nune
1131 2133 1234 2208 tercia
1249 2141 1341 2216 Maii,
1370 2140 1467 2220 ‘¹⁴23-

148 2253 269 2318 extitit
293 2251 489 2333 conclusuri,
512 2253 599 2340 quod
623 2255 650 2318 si
675 2259 870 2338 procurator
894 2253 1015 2318 debens
1039 2251 1211 2336 disponere
1235 2251 1340 2336 predi·
1381 2223 1446 2270 mal
1461 2213 1485 2258 δ’

147 2367 296 2427 catorem
321 2360 354 2426 id
378 2361 567 2443 neglexerit,
602 2361 870 2428 irremissibiliter
903 2361 1025 2427 solvere
1057 2365 1189 2426 tenetur
1222 2381 1337 2444 penam

145 2469 248 2535 medii
273 2471 329 2535 tal.
365 2469 572 2535 denariorum
605 2471 862 2553 Wiennensium,
896 2471 945 2536 vel
978 2468 1197 2554 personaliter
1229 2468 1337 2544 iacere

143 2599 330 2644 sermonem
355 2578 425 2647 loco
449 2576 598 2662 neglecti,
630 2585 789 2662 tanquam
818 2581 961 2664 ydoneus
996 2583 1028 2642 et
1061 2576 1234 2659 sufficiens
1266 2599 1337 2643 cum

143 2689 264 2770 utique
290 2708 330 2752 ex
354 2691 482 2758 statuto
506 2689 732 2754 universitatis
756 2687 798 2754 ad
833 2687 1055 2772 procuratoris
1088 2683 1231 2750 officium
1266 2685 1340 2770 eligi

147 2795 272 2860 debent
295 2815 432 2878 persone
456 2793 580 2878 ydonee
605 2799 639 2859 et
662 2795 868 2876 sufficientes,
896 2816 958 2878 quo
991 2791 1189 2858 laudabilius
1221 2791 1253 2858 id
1287 2815 1340 2858 ex·

147 2900 266 2985 pedire
291 2903 402 2967 valent
425 2925 463 2968 ac
486 2903 632 2968 iniuncta
655 2925 754 2968 onera
777 2903 925 2968 sufferre.

367 3121 416 3182 la
441 3117 497 3184 De
517 3119 742 3200 juramento
778 3119 1123 3186 intitulandorunr.

257 3254 353 3326 Anno
370 3260 504 3325 Domini
527 3261 579 3325 Μο
604 3269 690 3326 cccc⁰
714 3261 875 3330 XXVII.
886 3261 946 3328 sub
963 3265 1156 3346 procuracia
1172 3263 1262 3348 Mag.
1278 3263 1304 3330 J
1306 3253 1338 3330 o-
1379 3275 1463 3352 Ι1427·

146 3369 266 3434 hannis
291 3368 332 3432 de
356 3365 476 3448 Nitria,
501 3367 552 3434 die
578 3375 698 3452 quarta
721 3371 838 3436 mensis
862 3369 889 3434 J
891 3371 967 3451 unii,
984 3372 1018 3437 in
1038 3369 1091 3436 die
1117 3371 1282 3454 Mercurii,
1306 3374 1338 3437 iu
1373 3357 1433 3405 ³¹⁰¹·
1458 3350 1482 3395 ⁴'

145 3477 291 3541 nationis
308 3475 405 3560 plena
421 3478 675 3560 congregatione
686 3479 798 3543 extitit
808 3479 1003 3561 conclusum,
1013 3479 1100 3563 quod
1110 3479 1300 3546 intitulandi
1312 3478 1338 3562 ἓ)

146 3585 323 3650 matricule
346 3585 489 3649 nationis
513 3584 689 3668 Hungarie
705 3587 747 3651 ad
764 3587 870 3652 instar
886 3587 1026 3653 aliarum
1042 3589 1212 3654 nationum
1226 3588 1339 3672 jurent

145 3693 178 3755 in
204 3713 323 3757 manus
348 3693 573 3775 procuratoris
597 3714 657 3777 pro
681 3699 827 3777 tempore
852 3695 1032 3776 constituti,
1053 3695 1141 3779 quod
1157 3695 1259 3762 velint
1275 3693 1338 3762 sibi

145 3801 178 3862 in
207 3799 307 3864 licitis
332 3803 365 3863 et
388 3799 533 3866 honestis
558 3800 700 3867 obedire.

195 4021 248 4082 20.
273 4014 369 4080 Alia
391 4037 490 4099 pena
514 4015 754 4082 solicitanda
778 4023 916 4084 contra
940 4041 1012 4083 non
1030 4020 1275 4086 intitulatos.
1373 4027 1419 4080 fol.
1435 4029 1465 4082 eb

255 4151 407 4223 Secundo
430 4160 493 4224 fuit
517 4161 704 4225 conclusum
728 4163 763 4225 in
787 4161 899 4227 eadem
924 4164 1185 4246 congregatione,
1205 4162 1333 4246 quodsi

142 4266 395 4345 alienationes,
429 4267 514 4331 sicut
546 4272 624 4332 tuuc
656 4273 836 4333 tractatum
847 4265 874 4350 ³)
909 4276 990 4352 erat,
1024 4269 1066 4334 ad
1100 4270 1159 4334 hoc
1183 4269 1334 4334 laborare

255 4463 275 4522 ¹)
294 4457 417 4512 Kesebbi
436 4459 485 4512 kez
505 4461 665 4530 megjagyze
684 4461 746 4515 ide:
766 4461 827 4525 Hoc
847 4466 986 4516 statutum
1003 4461 1199 4518 universitatis
1217 4462 1333 4518 auteur

140 4548 170 4602 ia
190 4547 287 4617 primo
305 4547 380 4616 sollo.

254 4641 275 4700 ⁹)
294 4637 441 4702 Kijavitva
461 4637 561 4691 ebbol:
585 4637 737 4692 intitulati.

254 4731 275 4787 ²¹)
294 4725 426 4781 Kezirat:
446 4729 596 4782 tractetur.
