<?xml version="1.0" encoding="UTF-8"?>
<!DOCTYPE html PUBLIC "-//W3C//DTD XHTML 1.0 Transitional//EN"
    "http://www.w3.org/TR/xhtml1/DTD/xhtml1-transitional.dtd">
<html xmlns="http://www.w3.org/1999/xhtml" xml:lang="en" lang="en">
 <head>
  <title>
</title>
<meta http-equiv="Content-Type" content="text/html;charset=utf-8" />
  <meta name='ocr-system' content='tesseract 3.04.00' />
  <meta name='ocr-capabilities' content='ocr_page ocr_carea ocr_par ocr_line ocrx_word'/>
</head>
<body>
  <div class='ocr_page' id='page_1' title='image "./abcsiegyetemmag00akadgoog/abcsiegyetemmag00akadgoog_0155.png"; bbox 0 0 3296 5328; ppageno 0'>
   <div class='ocr_carea' id='block_1_1' title="bbox 310 395 354 458">
    <p class='ocr_par' dir='ltr' id='par_1_1' title="bbox 310 395 354 458">
     <span class='ocr_line' id='line_1_1' title="bbox 310 395 354 458; baseline 0 0"><span class='ocrx_word' id='word_1_1' title='bbox 310 395 354 458; x_wconf 77' lang='lat'>44</span> 
     </span>
    </p>
   </div>
   <div class='ocr_carea' id='block_1_2' title="bbox 169 587 1495 1450">
    <p class='ocr_par' dir='ltr' id='par_1_2' title="bbox 169 587 1495 1450">
     <span class='ocr_line' id='line_1_2' title="bbox 169 587 1495 678; baseline 0.004 -20"><span class='ocrx_word' id='word_1_2' title='bbox 169 591 236 639; x_wconf 72' lang='lat'>¹4⁷⁸</span> <span class='ocrx_word' id='word_1_3' title='bbox 259 589 273 638; x_wconf 91' lang='lat'>1</span> <span class='ocrx_word' id='word_1_4' title='bbox 418 587 487 660; x_wconf 86' lang='lat' dir='ltr'>Sub</span> <span class='ocrx_word' id='word_1_5' title='bbox 512 593 704 678; x_wconf 70' lang='lat' dir='ltr'>procuras-ia</span> <span class='ocrx_word' id='word_1_6' title='bbox 720 595 809 678; x_wconf 87' lang='lat' dir='ltr'>Mag.</span> <span class='ocrx_word' id='word_1_7' title='bbox 826 591 1002 662; x_wconf 83' lang='lat' dir='ltr'>Clementis</span> <span class='ocrx_word' id='word_1_8' title='bbox 1018 595 1168 676; x_wconf 73' lang='lat' dir='ltr'>Adriani,</span> <span class='ocrx_word' id='word_1_9' title='bbox 1186 617 1271 660; x_wconf 90' lang='lat' dir='ltr'>anno</span> <span class='ocrx_word' id='word_1_10' title='bbox 1288 617 1307 660; x_wconf 88' lang='lat' dir='ltr'>a</span> <span class='ocrx_word' id='word_1_11' title='bbox 1324 597 1495 663; x_wconf 80' lang='lat' dir='ltr'>nativitate</span> 
     </span>
     <span class='ocr_line' id='line_1_3' title="bbox 309 705 1495 795; baseline 0.005 -24"><span class='ocrx_word' id='word_1_12' title='bbox 309 705 440 773; x_wconf 82' lang='lat' dir='ltr'><strong>Domini</strong></span> <span class='ocrx_word' id='word_1_13' title='bbox 466 707 518 774; x_wconf 91' lang='lat' dir='ltr'>M⁰</span> <span class='ocrx_word' id='word_1_14' title='bbox 542 715 628 775; x_wconf 87' lang='lat' dir='ltr'>eooe⁰</span> <span class='ocrx_word' id='word_1_15' title='bbox 654 713 704 788; x_wconf 81' lang='lat'>78,</span> <span class='ocrx_word' id='word_1_16' title='bbox 729 707 859 794; x_wconf 89' lang='lat' dir='ltr'>qnando</span> <span class='ocrx_word' id='word_1_17' title='bbox 893 708 1044 774; x_wconf 83' lang='lat' dir='ltr'>videlicet</span> <span class='ocrx_word' id='word_1_18' title='bbox 1066 710 1216 792; x_wconf 85' lang='lat' dir='ltr'>princeps</span> <span class='ocrx_word' id='word_1_19' title='bbox 1240 708 1294 773; x_wconf 93' lang='lat' dir='ltr'>ille</span> <span class='ocrx_word' id='word_1_20' title='bbox 1318 709 1495 795; x_wconf 89' lang='lat' dir='ltr'>Hnngaro·</span> 
     </span>
     <span class='ocr_line' id='line_1_4' title="bbox 308 811 1492 889; baseline 0.004 -5"><span class='ocrx_word' id='word_1_21' title='bbox 308 841 380 884; x_wconf 90' lang='lat' dir='ltr'>rum</span> <span class='ocrx_word' id='word_1_22' title='bbox 414 841 470 884; x_wconf 88' lang='lat' dir='ltr'>rex</span> <span class='ocrx_word' id='word_1_23' title='bbox 502 821 725 885; x_wconf 88' lang='lat' dir='ltr'>serenissimus</span> <span class='ocrx_word' id='word_1_24' title='bbox 758 819 799 884; x_wconf 92' lang='lat' dir='ltr'>ab</span> <span class='ocrx_word' id='word_1_25' title='bbox 832 819 971 887; x_wconf 82' lang='lat' dir='ltr'>Austria</span> <span class='ocrx_word' id='word_1_26' title='bbox 1005 821 1149 884; x_wconf 80' lang='lat' dir='ltr'>evocavit</span> <span class='ocrx_word' id='word_1_27' title='bbox 1190 811 1233 885; x_wconf 85' lang='lat' dir='ltr'>et¹</span> <span class='ocrx_word' id='word_1_28' title='bbox 1265 821 1378 886; x_wconf 83' lang='lat' dir='ltr'>eduxit</span> <span class='ocrx_word' id='word_1_29' title='bbox 1416 845 1492 889; x_wconf 86' lang='lat' dir='ltr'>suos</span> 
     </span>
     <span class='ocr_line' id='line_1_5' title="bbox 308 923 1492 1012; baseline 0.003 -19"><span class='ocrx_word' id='word_1_30' title='bbox 308 929 465 994; x_wconf 75' lang='lat' dir='ltr'>satellites</span> <span class='ocrx_word' id='word_1_31' title='bbox 478 925 513 1011; x_wconf 82' lang='lat'>¹),</span> <span class='ocrx_word' id='word_1_32' title='bbox 529 929 617 994; x_wconf 90' lang='lat' dir='ltr'>infra</span> <span class='ocrx_word' id='word_1_33' title='bbox 633 930 781 994; x_wconf 87' lang='lat' dir='ltr'>annotati</span> <span class='ocrx_word' id='word_1_34' title='bbox 799 929 947 1012; x_wconf 82' lang='lat' dir='ltr'><strong>magistri</strong></span> <span class='ocrx_word' id='word_1_35' title='bbox 958 923 986 1011; x_wconf 63' lang='grc'>2)</span> <span class='ocrx_word' id='word_1_36' title='bbox 1003 929 1167 994; x_wconf 87' lang='lat' dir='ltr'>sunthuio</span> <span class='ocrx_word' id='word_1_37' title='bbox 1177 930 1290 994; x_wconf 89' lang='lat' dir='ltr'>inserti</span> <span class='ocrx_word' id='word_1_38' title='bbox 1301 931 1492 998; x_wconf 88' lang='lat' dir='ltr'>matrionle:</span> 
     </span>
     <span class='ocr_line' id='line_1_6' title="bbox 415 1036 1493 1124; baseline 0.001 -20"><span class='ocrx_word' id='word_1_39' title='bbox 415 1039 500 1104; x_wconf 90' lang='lat' dir='ltr'>Item</span> <span class='ocrx_word' id='word_1_40' title='bbox 517 1039 607 1122; x_wconf 87' lang='lat' dir='ltr'>Mag.</span> <span class='ocrx_word' id='word_1_41' title='bbox 618 1036 766 1104; x_wconf 77' lang='lat' dir='ltr'>Clemens</span> <span class='ocrx_word' id='word_1_42' title='bbox 777 1039 816 1104; x_wconf 91' lang='lat' dir='ltr'>de</span> <span class='ocrx_word' id='word_1_43' title='bbox 829 1037 966 1118; x_wconf 73' lang='lat' dir='ltr'>Adriam</span> <span class='ocrx_word' id='word_1_44' title='bbox 983 1043 1079 1122; x_wconf 90' lang='lat' dir='ltr'>prout</span> <span class='ocrx_word' id='word_1_45' title='bbox 1090 1047 1291 1122; x_wconf 76' lang='lat' dir='ltr'>procurator,</span> <span class='ocrx_word' id='word_1_46' title='bbox 1302 1040 1394 1106; x_wconf 92' lang='lat' dir='ltr'>dedit</span> <span class='ocrx_word' id='word_1_47' title='bbox 1403 1063 1449 1124; x_wconf 89' lang='lat' dir='ltr'>gr.</span> <span class='ocrx_word' id='word_1_48' title='bbox 1462 1045 1493 1105; x_wconf 91' lang='grc'>2.</span> 
     </span>
     <span class='ocr_line' id='line_1_7' title="bbox 414 1145 1491 1230; baseline 0.001 -17"><span class='ocrx_word' id='word_1_49' title='bbox 414 1149 499 1214; x_wconf 84' lang='lat' dir='ltr'>Item</span> <span class='ocrx_word' id='word_1_50' title='bbox 524 1147 680 1214; x_wconf 87' lang='lat' dir='ltr'>Nioolaus</span> <span class='ocrx_word' id='word_1_51' title='bbox 705 1147 744 1212; x_wconf 91' lang='lat' dir='ltr'>de</span> <span class='ocrx_word' id='word_1_52' title='bbox 769 1145 937 1230; x_wconf 85' lang='lat' dir='ltr'>Segedino,</span> <span class='ocrx_word' id='word_1_53' title='bbox 955 1147 1045 1212; x_wconf 85' lang='lat' dir='ltr'>dedit</span> <span class='ocrx_word' id='word_1_54' title='bbox 1068 1171 1107 1213; x_wconf 84' lang='lat' dir='ltr'>ex</span> <span class='ocrx_word' id='word_1_55' title='bbox 1130 1147 1332 1214; x_wconf 82' lang='lat' dir='ltr'>liberalitate</span> <span class='ocrx_word' id='word_1_56' title='bbox 1352 1149 1491 1214; x_wconf 90' lang='lat' dir='ltr'>solidum</span> 
     </span>
     <span class='ocr_line' id='line_1_8' title="bbox 306 1253 1277 1341; baseline -0.002 -19"><span class='ocrx_word' id='word_1_57' title='bbox 306 1259 387 1339; x_wconf 84' lang='lat' dir='ltr'>(len,</span> <span class='ocrx_word' id='word_1_58' title='bbox 411 1259 501 1321; x_wconf 85' lang='lat' dir='ltr'>ouius</span> <span class='ocrx_word' id='word_1_59' title='bbox 523 1258 630 1323; x_wconf 89' lang='lat' dir='ltr'>anime</span> <span class='ocrx_word' id='word_1_60' title='bbox 654 1255 745 1322; x_wconf 86' lang='lat' dir='ltr'>Deus</span> <span class='ocrx_word' id='word_1_61' title='bbox 768 1258 802 1320; x_wconf 93' lang='lat' dir='ltr'>in</span> <span class='ocrx_word' id='word_1_62' title='bbox 826 1263 972 1320; x_wconf 91' lang='lat' dir='ltr'>eternum</span> <span class='ocrx_word' id='word_1_63' title='bbox 997 1258 1039 1322; x_wconf 87' lang='lat' dir='ltr'>sit</span> <span class='ocrx_word' id='word_1_64' title='bbox 1063 1257 1228 1341; x_wconf 83' lang='lat' dir='ltr'>propicius</span> <span class='ocrx_word' id='word_1_65' title='bbox 1240 1253 1277 1338; x_wconf 71' lang='lat'>³).</span> 
     </span>
     <span class='ocr_line' id='line_1_9' title="bbox 413 1363 1445 1450; baseline 0.003 -20"><span class='ocrx_word' id='word_1_66' title='bbox 413 1366 499 1430; x_wconf 85' lang='lat' dir='ltr'>ltem</span> <span class='ocrx_word' id='word_1_67' title='bbox 523 1365 612 1449; x_wconf 92' lang='lat' dir='ltr'>Mag.</span> <span class='ocrx_word' id='word_1_68' title='bbox 637 1365 807 1430; x_wconf 86' lang='lat' dir='ltr'>Johannes</span> <span class='ocrx_word' id='word_1_69' title='bbox 832 1363 1008 1448; x_wconf 80' lang='lat' dir='ltr'>Schleyher</span> <span class='ocrx_word' id='word_1_70' title='bbox 1031 1365 1071 1430; x_wconf 87' lang='lat' dir='ltr'>de</span> <span class='ocrx_word' id='word_1_71' title='bbox 1094 1367 1216 1446; x_wconf 84' lang='lat' dir='ltr'>Brona,</span> <span class='ocrx_word' id='word_1_72' title='bbox 1240 1365 1330 1431; x_wconf 85' lang='lat' dir='ltr'>dedit</span> <span class='ocrx_word' id='word_1_73' title='bbox 1353 1371 1374 1432; x_wconf 83' lang='lat'>4</span> <span class='ocrx_word' id='word_1_74' title='bbox 1397 1391 1445 1450; x_wconf 90' lang='lat' dir='ltr'>gr.</span> 
     </span>
    </p>
   </div>
   <div class='ocr_carea' id='block_1_3' title="bbox 162 1483 1491 1792">
    <p class='ocr_par' dir='ltr' id='par_1_3' title="bbox 162 1483 1491 1792">
     <span class='ocr_line' id='line_1_10' title="bbox 162 1483 1491 1575; baseline 0.004 -22"><span class='ocrx_word' id='word_1_75' title='bbox 162 1495 229 1540; x_wconf 79' lang='lat'><strong>1⁴⁷8</strong></span> <span class='ocrx_word' id='word_1_76' title='bbox 248 1493 277 1542; x_wconf 91' lang='lat'>11</span> <span class='ocrx_word' id='word_1_77' title='bbox 414 1483 484 1556; x_wconf 86' lang='lat' dir='ltr'>Sub</span> <span class='ocrx_word' id='word_1_78' title='bbox 507 1492 698 1574; x_wconf 87' lang='lat' dir='ltr'>proonraeia</span> <span class='ocrx_word' id='word_1_79' title='bbox 721 1490 811 1573; x_wconf 89' lang='lat' dir='ltr'>Mag.</span> <span class='ocrx_word' id='word_1_80' title='bbox 835 1489 954 1554; x_wconf 83' lang='lat' dir='ltr'>Jodooi</span> <span class='ocrx_word' id='word_1_81' title='bbox 981 1490 1104 1556; x_wconf 88' lang='lat' dir='ltr'>Harler</span> <span class='ocrx_word' id='word_1_82' title='bbox 1128 1514 1167 1556; x_wconf 89' lang='lat' dir='ltr'>ex</span> <span class='ocrx_word' id='word_1_83' title='bbox 1191 1492 1292 1575; x_wconf 81' lang='lat' dir='ltr'>Egra,</span> <span class='ocrx_word' id='word_1_84' title='bbox 1316 1514 1400 1558; x_wconf 91' lang='lat' dir='ltr'>anno</span> <span class='ocrx_word' id='word_1_85' title='bbox 1423 1491 1491 1558; x_wconf 92' lang='lat' dir='ltr'>Do-</span> 
     </span>
     <span class='ocr_line' id='line_1_11' title="bbox 304 1599 1327 1681; baseline 0.002 -17"><span class='ocrx_word' id='word_1_86' title='bbox 304 1601 381 1664; x_wconf 87' lang='lat' dir='ltr'>mini</span> <span class='ocrx_word' id='word_1_87' title='bbox 406 1599 456 1664; x_wconf 82' lang='lat' dir='ltr'>M⁰</span> <span class='ocrx_word' id='word_1_88' title='bbox 482 1605 569 1664; x_wconf 87' lang='lat' dir='ltr'>eoce⁰</span> <span class='ocrx_word' id='word_1_89' title='bbox 595 1603 645 1678; x_wconf 83' lang='grc'>78,</span> <span class='ocrx_word' id='word_1_90' title='bbox 669 1599 862 1663; x_wconf 80' lang='lat' dir='ltr'>nutaoionis</span> <span class='ocrx_word' id='word_1_91' title='bbox 885 1599 1027 1681; x_wconf 80' lang='lat' dir='ltr'>yemalis.</span> <span class='ocrx_word' id='word_1_92' title='bbox 1052 1599 1238 1666; x_wconf 86' lang='lat' dir='ltr'>intitulatus</span> <span class='ocrx_word' id='word_1_93' title='bbox 1262 1607 1327 1666; x_wconf 87' lang='lat' dir='ltr'>est:</span> 
     </span>
     <span class='ocr_line' id='line_1_12' title="bbox 411 1707 1289 1792; baseline 0.006 -24"><span class='ocrx_word' id='word_1_94' title='bbox 411 1711 497 1792; x_wconf 88' lang='lat' dir='ltr'>Mag.</span> <span class='ocrx_word' id='word_1_95' title='bbox 521 1709 664 1773; x_wconf 81' lang='lat' dir='ltr'>Miolmel</span> <span class='ocrx_word' id='word_1_96' title='bbox 687 1707 812 1772; x_wconf 84' lang='lat' dir='ltr'>Zal&#39;raa</span> <span class='ocrx_word' id='word_1_97' title='bbox 836 1707 875 1770; x_wconf 90' lang='lat' dir='ltr'>de</span> <span class='ocrx_word' id='word_1_98' title='bbox 899 1707 1059 1783; x_wconf 77' lang='lat' dir='ltr'>Kasteltz,</span> <span class='ocrx_word' id='word_1_99' title='bbox 1084 1707 1175 1772; x_wconf 88' lang='lat' dir='ltr'>dedit</span> <span class='ocrx_word' id='word_1_100' title='bbox 1196 1714 1217 1774; x_wconf 85' lang='lat'><strong>3</strong></span> <span class='ocrx_word' id='word_1_101' title='bbox 1242 1732 1289 1792; x_wconf 88' lang='lat' dir='ltr'>gr.</span> 
     </span>
    </p>
   </div>
   <div class='ocr_carea' id='block_1_4' title="bbox 164 1826 1491 2463">
    <p class='ocr_par' dir='ltr' id='par_1_4' title="bbox 164 1826 1491 2134">
     <span class='ocr_line' id='line_1_13' title="bbox 164 1826 1489 1916; baseline 0.005 -21"><span class='ocrx_word' id='word_1_102' title='bbox 164 1835 265 1884; x_wconf 73' lang='grc' dir='ltr'>Η79Ι</span> <span class='ocrx_word' id='word_1_103' title='bbox 413 1826 482 1898; x_wconf 88' lang='lat' dir='ltr'>Sub</span> <span class='ocrx_word' id='word_1_104' title='bbox 507 1833 698 1916; x_wconf 84' lang='lat' dir='ltr'>procuraoia</span> <span class='ocrx_word' id='word_1_105' title='bbox 721 1830 810 1913; x_wconf 88' lang='lat' dir='ltr'>Mag.</span> <span class='ocrx_word' id='word_1_106' title='bbox 835 1831 1015 1913; x_wconf 78' lang='lat' dir='ltr'>Augustini</span> <span class='ocrx_word' id='word_1_107' title='bbox 1038 1831 1153 1898; x_wconf 87' lang='lat' dir='ltr'>Hasko</span> <span class='ocrx_word' id='word_1_108' title='bbox 1178 1833 1217 1898; x_wconf 92' lang='lat' dir='ltr'>de</span> <span class='ocrx_word' id='word_1_109' title='bbox 1241 1833 1384 1916; x_wconf 72' lang='lat' dir='ltr'>Baiana,</span> <span class='ocrx_word' id='word_1_110' title='bbox 1402 1859 1489 1902; x_wconf 88' lang='lat' dir='ltr'>anno</span> 
     </span>
     <span class='ocr_line' id='line_1_14' title="bbox 303 1939 1491 2027; baseline 0.005 -22"><span class='ocrx_word' id='word_1_111' title='bbox 303 1940 436 2006; x_wconf 86' lang='lat' dir='ltr'>Domini</span> <span class='ocrx_word' id='word_1_112' title='bbox 473 1945 566 2021; x_wconf 84' lang='lat'>1479,</span> <span class='ocrx_word' id='word_1_113' title='bbox 599 1941 791 2005; x_wconf 87' lang='lat' dir='ltr'>mutacionis</span> <span class='ocrx_word' id='word_1_114' title='bbox 824 1939 975 2020; x_wconf 82' lang='lat' dir='ltr'>estivalis,</span> <span class='ocrx_word' id='word_1_115' title='bbox 1004 1941 1191 2008; x_wconf 88' lang='lat' dir='ltr'>intitulatus</span> <span class='ocrx_word' id='word_1_116' title='bbox 1216 1949 1267 2007; x_wconf 88' lang='lat' dir='ltr'>est</span> <span class='ocrx_word' id='word_1_117' title='bbox 1295 1945 1431 2027; x_wconf 88' lang='lat' dir='ltr'>ipsemet</span> <span class='ocrx_word' id='word_1_118' title='bbox 1455 1953 1491 2010; x_wconf 89' lang='lat' dir='ltr'>et</span> 
     </span>
     <span class='ocr_line' id='line_1_15' title="bbox 303 2049 510 2134; baseline 0.019 -20"><span class='ocrx_word' id='word_1_119' title='bbox 303 2049 393 2115; x_wconf 92' lang='lat' dir='ltr'>dedit</span> <span class='ocrx_word' id='word_1_120' title='bbox 417 2056 436 2114; x_wconf 83' lang='lat'><strong>2</strong></span> <span class='ocrx_word' id='word_1_121' title='bbox 461 2073 510 2134; x_wconf 84' lang='lat' dir='ltr'>gr.</span> 
     </span>
    </p>

    <p class='ocr_par' dir='ltr' id='par_1_5' title="bbox 349 2155 1489 2463">
     <span class='ocr_line' id='line_1_16' title="bbox 349 2155 1120 2252; baseline 0.001 -29"><span class='ocrx_word' id='word_1_122' title='bbox 349 2244 353 2252; x_wconf 31' lang='grc' dir='ltr'>Ι</span> <span class='ocrx_word' id='word_1_123' title='bbox 409 2158 500 2242; x_wconf 88' lang='lat' dir='ltr'>Mag.</span> <span class='ocrx_word' id='word_1_124' title='bbox 524 2157 691 2224; x_wconf 85' lang='lat' dir='ltr'>Antonius</span> <span class='ocrx_word' id='word_1_125' title='bbox 714 2155 833 2240; x_wconf 80' lang='lat' dir='ltr'>Ozoph,</span> <span class='ocrx_word' id='word_1_126' title='bbox 859 2157 949 2223; x_wconf 88' lang='lat' dir='ltr'>dedit</span> <span class='ocrx_word' id='word_1_127' title='bbox 975 2163 1015 2222; x_wconf 85' lang='lat'>15</span> <span class='ocrx_word' id='word_1_128' title='bbox 1048 2160 1120 2224; x_wconf 89' lang='lat' dir='ltr'>den.</span> 
     </span>
     <span class='ocr_line' id='line_1_17' title="bbox 410 2263 1245 2351; baseline 0.001 -19"><span class='ocrx_word' id='word_1_129' title='bbox 410 2266 500 2350; x_wconf 89' lang='lat' dir='ltr'>Mag.</span> <span class='ocrx_word' id='word_1_130' title='bbox 524 2263 736 2332; x_wconf 79' lang='lat' dir='ltr'>Sebastianus</span> <span class='ocrx_word' id='word_1_131' title='bbox 759 2265 799 2330; x_wconf 93' lang='lat' dir='ltr'>de</span> <span class='ocrx_word' id='word_1_132' title='bbox 822 2265 1016 2345; x_wconf 86' lang='lat' dir='ltr'>Kermendt,</span> <span class='ocrx_word' id='word_1_133' title='bbox 1040 2267 1130 2332; x_wconf 90' lang='lat' dir='ltr'>dedit</span> <span class='ocrx_word' id='word_1_134' title='bbox 1155 2273 1173 2332; x_wconf 89' lang='lat'><strong>3</strong></span> <span class='ocrx_word' id='word_1_135' title='bbox 1199 2291 1245 2351; x_wconf 89' lang='lat' dir='ltr'>gr.</span> 
     </span>
     <span class='ocr_line' id='line_1_18' title="bbox 410 2371 1489 2463; baseline 0.005 -22"><span class='ocrx_word' id='word_1_136' title='bbox 410 2376 499 2457; x_wconf 86' lang='lat' dir='ltr'>Mag.</span> <span class='ocrx_word' id='word_1_137' title='bbox 523 2373 773 2440; x_wconf 88' lang='lat' dir='ltr'>Bartholomeus</span> <span class='ocrx_word' id='word_1_138' title='bbox 797 2371 975 2438; x_wconf 84' lang='lat' dir='ltr'>Pannifiois</span> <span class='ocrx_word' id='word_1_139' title='bbox 1000 2395 1039 2438; x_wconf 87' lang='lat' dir='ltr'>ex</span> <span class='ocrx_word' id='word_1_140' title='bbox 1062 2375 1263 2460; x_wconf 87' lang='lat' dir='ltr'>Rasenborg,</span> <span class='ocrx_word' id='word_1_141' title='bbox 1288 2378 1378 2444; x_wconf 86' lang='lat' dir='ltr'>dedit</span> <span class='ocrx_word' id='word_1_142' title='bbox 1402 2385 1489 2463; x_wconf 66' lang='lat' dir='ltr'>tgr.</span> 
     </span>
    </p>
   </div>
   <div class='ocr_carea' id='block_1_5' title="bbox 161 2495 1490 3231">
    <p class='ocr_par' dir='ltr' id='par_1_6' title="bbox 161 2495 1490 3231">
     <span class='ocr_line' id='line_1_19' title="bbox 161 2495 1490 2586; baseline 0.017 -39"><span class='ocrx_word' id='word_1_143' title='bbox 161 2501 263 2550; x_wconf 75' lang='lat' dir='ltr'>maol</span> <span class='ocrx_word' id='word_1_144' title='bbox 409 2495 452 2562; x_wconf 89' lang='lat' dir='ltr'>In</span> <span class='ocrx_word' id='word_1_145' title='bbox 485 2499 677 2582; x_wconf 85' lang='lat' dir='ltr'>procnraoia</span> <span class='ocrx_word' id='word_1_146' title='bbox 709 2499 799 2580; x_wconf 89' lang='lat' dir='ltr'>Mag.</span> <span class='ocrx_word' id='word_1_147' title='bbox 831 2497 959 2563; x_wconf 84' lang='lat' dir='ltr'>Mathia</span> <span class='ocrx_word' id='word_1_148' title='bbox 993 2521 1031 2562; x_wconf 86' lang='lat' dir='ltr'>ex</span> <span class='ocrx_word' id='word_1_149' title='bbox 1069 2499 1287 2586; x_wconf 87' lang='lat' dir='ltr'>Krumppaoh</span> <span class='ocrx_word' id='word_1_150' title='bbox 1329 2505 1490 2570; x_wconf 86' lang='lat' dir='ltr'>intitulati</span> 
     </span>
     <span class='ocr_line' id='line_1_20' title="bbox 302 2604 465 2672; baseline 0.025 -4"><span class='ocrx_word' id='word_1_151' title='bbox 302 2611 378 2670; x_wconf 90' lang='lat' dir='ltr'>sunt</span> <span class='ocrx_word' id='word_1_152' title='bbox 401 2604 465 2672; x_wconf 86' lang='lat' dir='ltr'>hii:</span> 
     </span>
     <span class='ocr_line' id='line_1_21' title="bbox 408 2711 1333 2802; baseline 0.004 -23"><span class='ocrx_word' id='word_1_153' title='bbox 408 2713 499 2798; x_wconf 86' lang='lat' dir='ltr'>Mag.</span> <span class='ocrx_word' id='word_1_154' title='bbox 523 2713 652 2802; x_wconf 83' lang='lat' dir='ltr'>Blasius</span> <span class='ocrx_word' id='word_1_155' title='bbox 676 2714 717 2778; x_wconf 90' lang='lat' dir='ltr'>de</span> <span class='ocrx_word' id='word_1_156' title='bbox 741 2711 1016 2796; x_wconf 82' lang='lat' dir='ltr'>Sohassohbnrgk,</span> <span class='ocrx_word' id='word_1_157' title='bbox 1040 2715 1131 2780; x_wconf 90' lang='lat' dir='ltr'>dedit</span> <span class='ocrx_word' id='word_1_158' title='bbox 1155 2719 1197 2781; x_wconf 83' lang='lat'>24</span> <span class='ocrx_word' id='word_1_159' title='bbox 1223 2711 1333 2802; x_wconf 87' lang='lat' dir='ltr'>[den.].</span> 
     </span>
     <span class='ocr_line' id='line_1_22' title="bbox 408 2819 1427 2905; baseline 0.005 -18"><span class='ocrx_word' id='word_1_160' title='bbox 408 2821 498 2905; x_wconf 88' lang='lat' dir='ltr'>Meg.</span> <span class='ocrx_word' id='word_1_161' title='bbox 522 2821 677 2886; x_wconf 86' lang='lat' dir='ltr'>Andreas</span> <span class='ocrx_word' id='word_1_162' title='bbox 701 2820 886 2886; x_wconf 87' lang='lat' dir='ltr'>Planckner</span> <span class='ocrx_word' id='word_1_163' title='bbox 912 2843 951 2886; x_wconf 90' lang='lat' dir='ltr'>ox</span> <span class='ocrx_word' id='word_1_164' title='bbox 975 2819 1152 2902; x_wconf 84' lang='lat' dir='ltr'>Gotthiaw‚</span> <span class='ocrx_word' id='word_1_165' title='bbox 1175 2823 1265 2890; x_wconf 91' lang='lat' dir='ltr'>dedit</span> <span class='ocrx_word' id='word_1_166' title='bbox 1291 2832 1329 2891; x_wconf 88' lang='lat'>16</span> <span class='ocrx_word' id='word_1_167' title='bbox 1355 2827 1427 2892; x_wconf 87' lang='lat' dir='ltr'>den.</span> 
     </span>
     <span class='ocr_line' id='line_1_23' title="bbox 409 2927 1309 3015; baseline 0.007 -23"><span class='ocrx_word' id='word_1_168' title='bbox 409 2927 501 3012; x_wconf 87' lang='lat' dir='ltr'>Mag.</span> <span class='ocrx_word' id='word_1_169' title='bbox 524 2929 690 2994; x_wconf 87' lang='lat' dir='ltr'>Martinus</span> <span class='ocrx_word' id='word_1_170' title='bbox 714 2927 754 2992; x_wconf 89' lang='lat' dir='ltr'>de</span> <span class='ocrx_word' id='word_1_171' title='bbox 779 2927 901 2993; x_wconf 81' lang='lat' dir='ltr'>Sancto</span> <span class='ocrx_word' id='word_1_172' title='bbox 925 2927 1077 3012; x_wconf 81' lang='lat' dir='ltr'>Georgia,</span> <span class='ocrx_word' id='word_1_173' title='bbox 1102 2929 1194 2996; x_wconf 88' lang='lat' dir='ltr'>dedit</span> <span class='ocrx_word' id='word_1_174' title='bbox 1218 2937 1237 2996; x_wconf 98' lang='grc'>2</span> <span class='ocrx_word' id='word_1_175' title='bbox 1262 2955 1309 3015; x_wconf 90' lang='lat' dir='ltr'>gr.</span> 
     </span>
     <span class='ocr_line' id='line_1_24' title="bbox 409 3031 1163 3119; baseline 0.003 -20"><span class='ocrx_word' id='word_1_176' title='bbox 409 3035 499 3117; x_wconf 86' lang='lat' dir='ltr'>Mag.</span> <span class='ocrx_word' id='word_1_177' title='bbox 523 3033 647 3100; x_wconf 91' lang='lat' dir='ltr'>Paulus</span> <span class='ocrx_word' id='word_1_178' title='bbox 670 3057 709 3100; x_wconf 88' lang='lat' dir='ltr'>ex</span> <span class='ocrx_word' id='word_1_179' title='bbox 732 3035 945 3118; x_wconf 84' lang='lat' dir='ltr'>Eybetsehitz</span> <span class='ocrx_word' id='word_1_180' title='bbox 968 3031 1163 3119; x_wconf 72' lang='lat' dir='ltr'>Rayhler4).</span> 
     </span>
     <span class='ocr_line' id='line_1_25' title="bbox 410 3141 1352 3231; baseline 0.008 -25"><span class='ocrx_word' id='word_1_181' title='bbox 410 3141 500 3224; x_wconf 85' lang='lat' dir='ltr'>Mag.</span> <span class='ocrx_word' id='word_1_182' title='bbox 523 3142 646 3206; x_wconf 86' lang='lat' dir='ltr'>Paulus</span> <span class='ocrx_word' id='word_1_183' title='bbox 670 3141 813 3226; x_wconf 85' lang='lat' dir='ltr'>Reyhler</span> <span class='ocrx_word' id='word_1_184' title='bbox 838 3165 877 3206; x_wconf 86' lang='lat' dir='ltr'>ex</span> <span class='ocrx_word' id='word_1_185' title='bbox 900 3142 1120 3225; x_wconf 82' lang='lat' dir='ltr'>Eybetsehitz‚</span> <span class='ocrx_word' id='word_1_186' title='bbox 1145 3145 1237 3210; x_wconf 91' lang='lat' dir='ltr'>dedit</span> <span class='ocrx_word' id='word_1_187' title='bbox 1261 3153 1280 3212; x_wconf 92' lang='grc'>2</span> <span class='ocrx_word' id='word_1_188' title='bbox 1306 3171 1352 3231; x_wconf 86' lang='lat' dir='ltr'>gr.</span> 
     </span>
    </p>
   </div>
   <div class='ocr_carea' id='block_1_6' title="bbox 28 3263 1489 3353">
    <p class='ocr_par' dir='ltr' id='par_1_7' title="bbox 28 3263 1489 3353">
     <span class='ocr_line' id='line_1_26' title="bbox 28 3263 1489 3353; baseline 0.015 -32"><span class='ocrx_word' id='word_1_189' title='bbox 28 3277 34 3288; x_wconf 89' lang='lat'>·</span> <span class='ocrx_word' id='word_1_190' title='bbox 155 3280 222 3325; x_wconf 71' lang='lat' dir='ltr'>raso</span> <span class='ocrx_word' id='word_1_191' title='bbox 243 3277 271 3326; x_wconf 88' lang='grc' dir='ltr'>Π</span> <span class='ocrx_word' id='word_1_192' title='bbox 409 3263 451 3330; x_wconf 91' lang='lat' dir='ltr'>In</span> <span class='ocrx_word' id='word_1_193' title='bbox 462 3267 654 3349; x_wconf 83' lang='lat' dir='ltr'>procuraoia</span> <span class='ocrx_word' id='word_1_194' title='bbox 668 3265 758 3348; x_wconf 88' lang='lat' dir='ltr'>Mag.</span> <span class='ocrx_word' id='word_1_195' title='bbox 774 3265 800 3330; x_wconf 89' lang='lat' dir='ltr'><strong>J</strong></span> <span class='ocrx_word' id='word_1_196' title='bbox 802 3267 914 3330; x_wconf 88' lang='lat' dir='ltr'>oannis</span> <span class='ocrx_word' id='word_1_197' title='bbox 930 3265 1117 3332; x_wconf 85' lang='lat' dir='ltr'>Planokner</span> <span class='ocrx_word' id='word_1_198' title='bbox 1133 3291 1171 3334; x_wconf 90' lang='lat' dir='ltr'>ex</span> <span class='ocrx_word' id='word_1_199' title='bbox 1189 3267 1364 3353; x_wconf 78' lang='lat' dir='ltr'>Gouhiaw,</span> <span class='ocrx_word' id='word_1_200' title='bbox 1380 3278 1489 3342; x_wconf 86' lang='lat' dir='ltr'>arohi-</span> 
     </span>
    </p>
   </div>
   <div class='ocr_carea' id='block_1_7' title="bbox 297 3373 1491 4214">
    <p class='ocr_par' dir='ltr' id='par_1_8' title="bbox 300 3373 1491 3564">
     <span class='ocr_line' id='line_1_27' title="bbox 300 3373 1491 3462; baseline 0.01 -26"><span class='ocrx_word' id='word_1_201' title='bbox 300 3373 426 3438; x_wconf 88' lang='lat' dir='ltr'>diaeoni</span> <span class='ocrx_word' id='word_1_202' title='bbox 459 3373 695 3438; x_wconf 87' lang='lat' dir='ltr'>Kamaroensis</span> <span class='ocrx_word' id='word_1_203' title='bbox 719 3379 752 3437; x_wconf 90' lang='lat' dir='ltr'>et</span> <span class='ocrx_word' id='word_1_204' title='bbox 776 3373 921 3438; x_wconf 81' lang='lat' dir='ltr'>canonici</span> <span class='ocrx_word' id='word_1_205' title='bbox 944 3373 1075 3439; x_wconf 76' lang='lat' dir='ltr'>ecclesie</span> <span class='ocrx_word' id='word_1_206' title='bbox 1107 3375 1348 3462; x_wconf 74' lang='lat' dir='ltr'>ZagrabiensiS,</span> <span class='ocrx_word' id='word_1_207' title='bbox 1373 3383 1491 3448; x_wconf 89' lang='lat' dir='ltr'>intitu-</span> 
     </span>
     <span class='ocr_line' id='line_1_28' title="bbox 300 3479 847 3564; baseline -0.002 -21"><span class='ocrx_word' id='word_1_208' title='bbox 300 3481 359 3544; x_wconf 86' lang='lat' dir='ltr'>lati</span> <span class='ocrx_word' id='word_1_209' title='bbox 383 3487 459 3546; x_wconf 88' lang='lat' dir='ltr'>sunt</span> <span class='ocrx_word' id='word_1_210' title='bbox 482 3483 631 3564; x_wconf 79' lang='lat' dir='ltr'>magistri</span> <span class='ocrx_word' id='word_1_211' title='bbox 663 3479 847 3546; x_wconf 86' lang='lat' dir='ltr'>subnotati:</span> 
     </span>
    </p>

    <p class='ocr_par' dir='ltr' id='par_1_9' title="bbox 299 3586 1487 3760">
     <span class='ocr_line' id='line_1_29' title="bbox 406 3586 1487 3682; baseline 0.01 -28"><span class='ocrx_word' id='word_1_212' title='bbox 406 3589 496 3671; x_wconf 87' lang='lat' dir='ltr'>Mag.</span> <span class='ocrx_word' id='word_1_213' title='bbox 520 3586 683 3672; x_wconf 82' lang='lat' dir='ltr'>Georgius</span> <span class='ocrx_word' id='word_1_214' title='bbox 708 3589 747 3652; x_wconf 81' lang='lat' dir='ltr'>(le</span> <span class='ocrx_word' id='word_1_215' title='bbox 771 3586 902 3668; x_wconf 80' lang='lat' dir='ltr'>Castell,</span> <span class='ocrx_word' id='word_1_216' title='bbox 917 3588 999 3653; x_wconf 85' lang='lat' dir='ltr'>dixit</span> <span class='ocrx_word' id='word_1_217' title='bbox 1023 3597 1088 3655; x_wconf 89' lang='lat' dir='ltr'>tres</span> <span class='ocrx_word' id='word_1_218' title='bbox 1112 3594 1226 3660; x_wconf 89' lang='lat' dir='ltr'>missas</span> <span class='ocrx_word' id='word_1_219' title='bbox 1242 3596 1274 3658; x_wconf 92' lang='lat' dir='ltr'>in</span> <span class='ocrx_word' id='word_1_220' title='bbox 1293 3596 1487 3682; x_wconf 85' lang='lat' dir='ltr'>suffragium</span> 
     </span>
     <span class='ocr_line' id='line_1_30' title="bbox 299 3695 778 3760; baseline 0.004 -4"><span class='ocrx_word' id='word_1_221' title='bbox 299 3695 481 3758; x_wconf 91' lang='lat' dir='ltr'>animarum</span> <span class='ocrx_word' id='word_1_222' title='bbox 505 3696 603 3760; x_wconf 90' lang='lat' dir='ltr'>huius</span> <span class='ocrx_word' id='word_1_223' title='bbox 628 3696 778 3759; x_wconf 86' lang='lat' dir='ltr'>nationis.</span> 
     </span>
    </p>

    <p class='ocr_par' dir='ltr' id='par_1_10' title="bbox 297 3801 1489 3990">
     <span class='ocr_line' id='line_1_31' title="bbox 407 3801 1489 3895; baseline 0.012 -29"><span class='ocrx_word' id='word_1_224' title='bbox 407 3801 497 3885; x_wconf 87' lang='lat' dir='ltr'>Mag.</span> <span class='ocrx_word' id='word_1_225' title='bbox 511 3803 690 3868; x_wconf 89' lang='lat' dir='ltr'>Heinriens</span> <span class='ocrx_word' id='word_1_226' title='bbox 707 3802 945 3885; x_wconf 73' lang='lat' dir='ltr'>Platerlrerger,</span> <span class='ocrx_word' id='word_1_227' title='bbox 961 3807 1122 3889; x_wconf 82' lang='lat' dir='ltr'>prespiter</span> <span class='ocrx_word' id='word_1_228' title='bbox 1139 3807 1391 3895; x_wconf 88' lang='lat' dir='ltr'>Bambergensis</span> <span class='ocrx_word' id='word_1_229' title='bbox 1415 3813 1489 3878; x_wconf 91' lang='lat' dir='ltr'>dio-</span> 
     </span>
     <span class='ocr_line' id='line_1_32' title="bbox 297 3911 746 3990; baseline 0.004 -18"><span class='ocrx_word' id='word_1_230' title='bbox 297 3913 386 3990; x_wconf 77' lang='lat' dir='ltr'>cesis,</span> <span class='ocrx_word' id='word_1_231' title='bbox 410 3911 493 3976; x_wconf 85' lang='lat' dir='ltr'>dixit</span> <span class='ocrx_word' id='word_1_232' title='bbox 517 3913 598 3976; x_wconf 89' lang='lat' dir='ltr'>duas</span> <span class='ocrx_word' id='word_1_233' title='bbox 623 3915 746 3976; x_wconf 87' lang='lat' dir='ltr'>missas.</span> 
     </span>
    </p>

    <p class='ocr_par' dir='ltr' id='par_1_11' title="bbox 405 4018 1307 4111">
     <span class='ocr_line' id='line_1_33' title="bbox 405 4018 1307 4111; baseline 0.011 -29"><span class='ocrx_word' id='word_1_234' title='bbox 405 4018 495 4102; x_wconf 58' lang='lat' dir='ltr'>arsag.</span> <span class='ocrx_word' id='word_1_235' title='bbox 519 4019 676 4084; x_wconf 85' lang='lat' dir='ltr'>Nicolans</span> <span class='ocrx_word' id='word_1_236' title='bbox 699 4019 832 4084; x_wconf 83' lang='lat' dir='ltr'>Franek</span> <span class='ocrx_word' id='word_1_237' title='bbox 857 4021 896 4085; x_wconf 89' lang='lat' dir='ltr'>de</span> <span class='ocrx_word' id='word_1_238' title='bbox 920 4019 1077 4104; x_wconf 64' lang='lat' dir='ltr'>nascar),</span> <span class='ocrx_word' id='word_1_239' title='bbox 1102 4024 1192 4090; x_wconf 91' lang='lat' dir='ltr'>dedit</span> <span class='ocrx_word' id='word_1_240' title='bbox 1216 4031 1234 4090; x_wconf 96' lang='grc'>2</span> <span class='ocrx_word' id='word_1_241' title='bbox 1260 4051 1307 4111; x_wconf 88' lang='lat' dir='ltr'>gr.</span> 
     </span>
    </p>

    <p class='ocr_par' dir='ltr' id='par_1_12' title="bbox 404 4123 1106 4214">
     <span class='ocr_line' id='line_1_34' title="bbox 404 4123 1106 4214; baseline 0.007 -24"><span class='ocrx_word' id='word_1_242' title='bbox 404 4125 493 4208; x_wconf 86' lang='lat' dir='ltr'>Mag.</span> <span class='ocrx_word' id='word_1_243' title='bbox 519 4123 700 4208; x_wconf 83' lang='lat' dir='ltr'>Gregorius</span> <span class='ocrx_word' id='word_1_244' title='bbox 725 4127 764 4190; x_wconf 90' lang='lat' dir='ltr'>de</span> <span class='ocrx_word' id='word_1_245' title='bbox 788 4127 876 4207; x_wconf 89' lang='lat' dir='ltr'>Pest,</span> <span class='ocrx_word' id='word_1_246' title='bbox 901 4127 990 4194; x_wconf 91' lang='lat' dir='ltr'>dedit</span> <span class='ocrx_word' id='word_1_247' title='bbox 1015 4135 1033 4193; x_wconf 94' lang='grc'>2</span> <span class='ocrx_word' id='word_1_248' title='bbox 1058 4152 1106 4214; x_wconf 89' lang='lat' dir='ltr'>gr.</span> 
     </span>
    </p>
   </div>
   <div class='ocr_carea' id='block_1_8' title="bbox 403 4301 889 4554">
    <p class='ocr_par' dir='ltr' id='par_1_13' title="bbox 403 4301 889 4554">
     <span class='ocr_line' id='line_1_35' title="bbox 406 4301 770 4364; baseline 0.005 -9"><span class='ocrx_word' id='word_1_249' title='bbox 406 4305 424 4364; x_wconf 88' lang='lat'>¹)</span> <span class='ocrx_word' id='word_1_250' title='bbox 443 4306 468 4355; x_wconf 89' lang='lat' dir='ltr'>A</span> <span class='ocrx_word' id='word_1_251' title='bbox 490 4301 596 4356; x_wconf 85' lang='lat' dir='ltr'>ke&#39;zirat</span> <span class='ocrx_word' id='word_1_252' title='bbox 616 4301 770 4358; x_wconf 70' lang='lat' dir='ltr'>satellites.</span> 
     </span>
     <span class='ocr_line' id='line_1_36' title="bbox 403 4391 833 4456; baseline 0.012 -13"><span class='ocrx_word' id='word_1_253' title='bbox 403 4397 423 4454; x_wconf 77' lang='grc' dir='ltr'>Ι)</span> <span class='ocrx_word' id='word_1_254' title='bbox 443 4391 592 4456; x_wconf 82' lang='lat' dir='ltr'>Kijevr&#39;tva</span> <span class='ocrx_word' id='word_1_255' title='bbox 610 4391 833 4448; x_wconf 81' lang='lat' dir='ltr'>torcolarii-bdl.</span> 
     </span>
     <span class='ocr_line' id='line_1_37' title="bbox 403 4480 889 4554; baseline 0.01 -20"><span class='ocrx_word' id='word_1_256' title='bbox 403 4480 423 4550; x_wconf 75' lang='lat'>³)</span> <span class='ocrx_word' id='word_1_257' title='bbox 443 4487 480 4535; x_wconf 77' lang='lat' dir='ltr'>En</span> <span class='ocrx_word' id='word_1_258' title='bbox 501 4485 680 4554; x_wconf 76' lang='lat' dir='ltr'>abajegyzes</span> <span class='ocrx_word' id='word_1_259' title='bbox 699 4486 808 4539; x_wconf 73' lang='lat' dir='ltr'>tortilve</span> <span class='ocrx_word' id='word_1_260' title='bbox 828 4503 889 4539; x_wconf 82' lang='lat' dir='ltr'>van.</span> 
     </span>
    </p>
   </div>
   <div class='ocr_carea' id='block_1_9' title="bbox 402 4573 890 4734">
    <p class='ocr_par' dir='ltr' id='par_1_14' title="bbox 402 4573 890 4734">
     <span class='ocr_line' id='line_1_38' title="bbox 403 4573 890 4644; baseline 0.01 -21"><span class='ocrx_word' id='word_1_261' title='bbox 403 4573 424 4632; x_wconf 81' lang='lat'>⁴)</span> <span class='ocrx_word' id='word_1_262' title='bbox 443 4577 480 4624; x_wconf 84' lang='lat' dir='ltr'>Ez</span> <span class='ocrx_word' id='word_1_263' title='bbox 501 4591 517 4625; x_wconf 92' lang='lat' dir='ltr'>a</span> <span class='ocrx_word' id='word_1_264' title='bbox 535 4573 679 4644; x_wconf 83' lang='lat' dir='ltr'>bejegyze&#39;s</span> <span class='ocrx_word' id='word_1_265' title='bbox 700 4575 809 4628; x_wconf 68' lang='lat' dir='ltr'>tordlve</span> <span class='ocrx_word' id='word_1_266' title='bbox 828 4593 890 4630; x_wconf 91' lang='lat' dir='ltr'>van.</span> 
     </span>
     <span class='ocr_line' id='line_1_39' title="bbox 402 4664 746 4734; baseline 0.009 -19"><span class='ocrx_word' id='word_1_267' title='bbox 402 4667 421 4724; x_wconf 70' lang='lat'>⁶)</span> <span class='ocrx_word' id='word_1_268' title='bbox 442 4665 557 4717; x_wconf 81' lang='lat' dir='ltr'>Javr‘tva</span> <span class='ocrx_word' id='word_1_269' title='bbox 587 4664 746 4734; x_wconf 67' lang='lat' dir='ltr'>Egrerlr-bdl.</span> 
     </span>
    </p>
   </div>
   <div class='ocr_carea' id='block_1_10' title="bbox 0 0 1675 5328">
    <p class='ocr_par' dir='ltr' id='par_1_15' title="bbox 0 0 1675 5328">
     <span class='ocr_line' id='line_1_40' title="bbox 0 0 1675 5328; baseline 0 0"><span class='ocrx_word' id='word_1_270' title='bbox 0 0 1675 5328; x_wconf 95' lang='lat' dir='ltr'> </span> 
     </span>
    </p>
   </div>
  </div>
 </body>
</html>
