3324 5326
1252 477 1314 542 325

126 673 281 740 semestri
315 673 382 739 ulla
405 672 616 740 inveniuntur
649 679 733 740 acta.
766 671 843 740 Duo
877 675 987 738 tamen
1012 675 1150 742 studiosi
1172 675 1315 742 'uomina

125 809 188 854 sua
204 790 238 854 in
254 789 340 856 hauc
355 789 561 856 matriculam
578 791 698 858 referri
714 795 881 859 curarunt.
907 786 992 857 Vide
1009 807 1109 868 supra
1126 782 1183 850 fol.
1202 781 1313 868 1311).

237 923 332 992 Anno
356 925 490 994 Domini
513 928 715 1009 MDXGVI,
738 929 773 994 in
789 929 970 994 mutatione
994 929 1150 1012 aestivali,
1166 927 1311 1011 postula·
1331 909 1447 960 '¹⁵901
1485 946 1486 950 ¹

125 1043 180 1105 tus
206 1061 277 1105 sum
302 1061 341 1104 ex
365 1039 498 1104 natione
527 1037 693 1104 Rhenensi
717 1039 1021 1122 inproouratorem
1054 1038 1196 1102 nationis
1220 1035 1333 1100 Heu·
1393 1061 1396 1067 ¹

104 1149 259 1232 ·gar·ioae
271 1171 330 1232 ego
346 1147 607 1214 Leouhardus
624 1147 710 1214 Hos
727 1147 915 1226 Francus,
926 1148 1098 1230 utriusque
1106 1143 1189 1226 juris
1200 1145 1314 1210 doctor

123 1265 158 1323 et
184 1258 363 1323 advocatus
387 1256 592 1323 Viennensis.
618 1253 742 1340 Accepi
766 1255 976 1338 amagnifico
993 1261 1026 1320 et
1042 1251 1313 1319 excellentissimo

123 1367 197 1431 viro
221 1365 317 1431 Dom.
341 1357 473 1430 Joauue
488 1363 652 1445 Leandro,
675 1363 899 1448 philosophiae
916 1369 949 1428 et
965 1362 1146 1428 medicinae
1171 1357 1312 1442 doctore,
1377 1425 1380 1430 .

125 1479 343 1540 antecessore
367 1495 448 1554 meo,
472 1472 592 1538 librum
617 1495 718 1538 unum
742 1479 775 1537 et
800 1477 839 1536 12
865 1494 909 1541 or.

235 1581 360 1646 Rector
375 1581 409 1646 in
424 1581 487 1646 hac
510 1580 693 1646 mutatione
718 1579 839 1644 electus
856 1584 905 1644 est
921 1577 1048 1659 nobilis,
1072 1578 1264 1663 magnificus
1281 1584 1314 1644 et

123 1694 283 1754 strenuus
306 1687 355 1753 vir
379 1688 475 1753 Dom.
499 1688 631 1754 Ulricus
647 1710 667 1754 a
684 1685 869 1770 Krenberg,
894 1687 1067 1770 utriusque
1081 1687 1164 1769 juris
1189 1688 1313 1769 doctor,
1417 1711 1420 1722 ⁴

124 1817 244 1862 sacrae
262 1795 444 1862 Caesareae
460 1795 650 1862 Maiestatis
667 1795 831 1861 inferioris
856 1793 1017 1887 Austriae
1041 1797 1211 1880 regiminis
1237 1818 1313 1862 con-

121 1905 280 1970 siliarius.
305 1903 388 1978 Toto
412 1905 474 1970 hoc
497 1905 653 1985 semestri,
677 1909 714 1968 ut
738 1903 881 1968 consiliis
905 1903 1101 1969 academicis
1124 1905 1313 1988 frequenter

123 2011 490 2095 interessem‘operem
515 2009 590 2077 dedi
614 2011 734 2077 sedulo.
758 2012 800 2078 In
825 2009 936 2077 album
960 2011 1056 2076 relati
1081 2015 1174 2076 suut:

236 2116 399 2202 Georgius
424 2117 583 2185 Olitorius
608 2117 814 2204 Oppolieusis
839 2117 984 2200 Silesius,
1009 2119 1100 2184 dedit
1125 2125 1143 2184 3
1169 2141 1213 2188 or.

235 2223 400 2312 Georgius
424 2227 561 2293 Poblioh
586 2225 720 2294 Silesius
744 2229 784 2294 de
808 2227 1016 2309 Zulrmantel,
1041 2228 1133 2294 dedit
1158 2233 1176 2292 3
1201 2250 1246 2293 or.

234 2333 397 2419 Georgius
425 2333 651 2421 Stephanides,
684 2336 886 2418 Miglioensis
919 2334 1084 2418 Moravus,
1109 2335 1199 2436 dedit
1224 2341 1243 2402 3
1268 2357 1312 2402 cr.

234 2443 422 2526 Pecuniam,
451 2449 489 2510 18
514 2465 629 2530 nempe
652 2466 706 2526 or,
730 2465 796 2508 una
829 2465 903 2508 oum
926 2444 1010 2509 libro
1034 2445 1158 2509 tradidi
1188 2465 1312 2510 succes-

123 2554 193 2618 sori
228 2575 300 2618 meo
333 2554 512 2619 reverendo
546 2553 721 2620 admodum
754 2559 788 2617 et
811 2552 1082 2618 excellentissimo
1115 2553 1184 2616 viro
1216 2551 1311 2616 Dom.

119 2661 221 2725 Patri
238 2659 427 2727 Christiano
454 2661 614 2742 Numisio,
631 2667 859 2727 sacrosanctae
875 2660 1057 2743 theologiae
1074 2659 1207 2742 doctori,
1226 2662 1311 2726 eius·

121 2769 266 2853 demque
290 2771 322 2833 in
347 2769 527 2836 Viennensi
552 2769 812 2852 archigymnasio
837 2767 1012 2851 professori
1036 2759 1256 2833 celeberrimo

234 2875 482 2943 Procurationis
500 2898 591 2942 meae
608 2881 755 2959 tempore
772 2876 859 2940 inter
876 2875 941 2940 alia
957 2875 1114 2940 memoria
1131 2880 1163 2940 et
1173 2878 1311 2959 posteri·

119 2989 195 3048 tate
221 2983 324 3066 digna
345 2983 426 3050 haec
450 2991 524 3050 acta
548 2990 641 3050 sunt:
933 2977 934 2982 ’
1341 3073 1344 3078 ¹

235 3096 287 3156 27.
311 3092 393 3156 Maii
417 3091 580 3160 Viennam
604 3093 693 3156 venit
709 3091 951 3176 illustrissimus
969 3097 1001 3156 et
1023 3089 1310 3158 reverendissimus
1329 3063 1459 3195 siffis

120 3197 316 3264 Cardinalis
349 3198 526 3265 Caietanus
550 3221 570 3264 a
593 3221 719 3265 summo
743 3197 903 3264 Pontifioe
926 3198 969 3263 ad
993 3197 1119 3280 Regem
1152 3196 1310 3262 Poloniae

122 3305 273 3372 foederis
297 3327 369 3372 oum
388 3329 482 3372 sacra
506 3305 670 3372 Caesarea
687 3306 865 3372 Maiestate
882 3312 915 3371 et
931 3303 1080 3371 Romano
1103 3305 1239 3388 imperio
1263 3306 1311 3369 in-

119 3413 225 3477 eundi
250 3415 359 3496 gratia
382 3415 509 3496 missus,
532 3415 585 3492 cui
609 3413 832 3479 serenissimus
865 3412 1024 3478 archidux
1058 3412 1222 3477 Matthias
1246 3431 1311 3476 uua

120 3542 200 3584 cum
227 3524 300 3584 tota
333 3522 408 3586 aula
433 3527 466 3586 et
490 3511 563 3586 aliis
595 3519 755 3586 Austriae
779 3519 968 3604 proceribus
993 3520 1120 3585 obviem
1152 3518 1312 3602 prooessit
1394 3501 1396 3506 ’

117 3627 331 3712 eundemque
353 3629 530 3694 honorifice
553 3629 588 3694 in
611 3629 726 3694 urbem
750 3628 925 3693 comitatus
949 3634 1006 3693 est.

234 3739 286 3800 27.
319 3734 413 3802 Junii
437 3735 532 3802 Dom.
565 3735 691 3802 Palline
715 3757 781 3801 una
805 3758 878 3801 curu
910 3733 1006 3801 Dom.
1039 3733 1179 3799 Tertslro
1204 3739 1237 3796 et
1259 3728 1310 3797 bis
1327 3714 1452 3843 jfflg’,

115 3842 214 3908 mille
240 3845 371 3910 circiter·
404 3843 580 3911 Germanis
604 3867 642 3909 ac
665 3844 838 3927 Huugaris
862 3843 922 3909 sub
939 3867 1101 3910 auroram
1135 3847 1202 3908 tres
1227 3840 1310 3905 Tur·
1340 3919 1342 3925 s

115 3972 237 4016 aarum
261 3973 359 4016 naves
383 3953 426 4017 ad
441 3951 582 4021 Vaciam
596 3975 635 4018 ex
651 3953 827 4036 improviso
851 3953 995 4038 adortus,
1019 3951 1145 4034 Tomis,
1171 3971 1310 4034 quorum

113 4058 194 4144 plus
223 4059 328 4123 miuus
354 4064 418 4123 300
442 4060 582 4142 fuerant,
616 4061 737 4144 partim
761 4061 872 4140 caesis,
906 4061 1028 4143 partim
1051 4062 1085 4126 in
1108 4059 1231 4124 flumen
1255 4056 1310 4121 de·
1404 4080 1406 4088 ’

114 4167 279 4248 turbatis
303 4166 451 4234 liberatis
469 4170 535 4233 284
550 4168 748 4234 Christianis
772 4169 869 4232 remis
894 4168 1044 4251 alligatis,
1062 4169 1167 4250 captis
1183 4165 1309 4231 vexillis

113 4273 301 4340 hostilibus
325 4279 367 4338 23
393 4280 426 4339 et
449 4275 536 4341 inter
560 4277 617 4342 illa
641 4297 704 4342 uno
737 4277 913 4340 immensae
939 4281 972 4340 et
994 4275 1143 4340 insolitae
1166 4274 1307 4357 longitu-

113 4379 220 4460 dinis,
253 4380 412 4446 deaurato
444 4403 540 4465 pomo
572 4383 665 4448 valde
697 4383 825 4463 decoro,
859 4404 943 4467 quae
976 4384 1085 4446 omnia
1115 4387 1148 4446 et
1181 4381 1309 4464 singula

115 4494 145 4556 7.
163 4488 193 4555 J
195 4487 257 4554 ulii
281 4491 493 4555 serenissimis
517 4489 749 4556 archiducibus
773 4490 940 4556 Matthiae
958 4495 991 4555 et
1007 4489 1234 4554 Marimiliano
1251 4509 1309 4573 per
1336 4470 1437 4602 ff?

112 4596 314 4682 praefatum
338 4597 434 4664 Dom.
459 4599 600 4687 Tertsko
625 4599 772 4668 Viennae
795 4601 829 4665 in
854 4599 929 4666 aula
953 4597 1065 4664 oblata
1088 4597 1230 4662 fuerunt.

112 4703 340 4712 ....-—--——-.—

234 4740 254 4801 ¹)
271 4739 303 4790 Ia
324 4733 440 4794 toutebb
460 4755 476 4796 a
495 4745 555 4792 306.
575 4737 595 4792 1.
