3324 5326
1299 481 1364 550 169

173 684 337 774 garicales
354 695 388 756 et
405 689 424 754 5
440 682 568 755 talenta
584 687 618 755 in
633 684 762 755 minuta
786 685 932 772 pecunia,
955 681 1057 752 libros
1073 691 1141 752 tres
1161 684 1274 752 solitos
1291 707 1364 752 cum

172 799 304 881 ladulia
330 821 393 883 que
409 801 519 866 omnia
535 801 713 866 successori
727 819 798 864 meo
823 797 1049 882 egregiorum,
1075 797 1200 862 arcium
1224 801 1259 860 01
1284 796 1364 860 iuris

171 907 377 987 Licenciat0,
401 907 491 990 Mag.
517 905 653 972 Andros
679 905 851 988 Maigsner
875 925 915 969 ex
938 902 1124 970 Cremnicia
1142 897 1364 988 [presentavil
1414 977 1481 1022 ¹514

171 1014 299 1080 Actum
315 1015 417 1080 indie
433 1013 584 1098 Virginis
601 1013 742 1097 gloriose
757 1011 1014 1078 Iresentaoionis
1025 1032 1112 1076 enno
1123 1017 1183 1077 010.
1194 1011 1314 1078 XIIII
1328 1010 1363 1093 ¹),
1383 1057 1444 1094 nov.
1465 1009 1507 1094 2¹1,

170 1121 380 1205 presentibus
414 1121 658 1187 venerabilibus
681 1122 759 1186 viris
782 1119 874 1202 Mag.
906 1116 1035 1184 Jacobo
1058 1119 1099 1184 (10
1123 1118 1362 1201 Transilvania

171 1229 265 1313 Mag.
282 1229 463 1312 Melchiori,
479 1230 570 1313 Mag.
586 1229 729 1298 Osvaldo
746 1228 885 1295 Saumer
902 1248 941 1292 ex
956 1225 1133 1312 Fridburg,
1144 1227 1233 1310 Mag.
1244 1227 1363 1294 Wolff-

170 1359 281 1421 gango
306 1339 347 1403 de
371 1335 540 1404 Gemuicz·
555 1343 616 1404 010.

692 1512 773 1572 (1514
792 1511 840 1572 Π.)
921 1539 924 1546 ·

282 1618 327 1685 Et
350 1642 410 1704 ego
434 1620 639 1686 Anndreas
664 1621 844 1686 Meixner
867 1611 1204 1704 Orem[ni]cianus,
1237 1622 1361 1686 arcium

173 1727 365 1794 liberalium
387 1730 546 1812 magister
569 1734 602 1793 01
625 1727 833 1795 decretorum
849 1729 1049 1810 licenciatus‚
1066 1730 1196 1814 percepi
1213 1729 1254 1794 ab
1270 1751 1361 1814 egro-

169 1837 225 1918 gio
249 1837 318 1902 viro
342 1836 438 1902 Dom.
463 1835 618 1902 Johsinne
643 1835 785 1921 Augrer,
809 1838 934 1902 arcium
950 1843 983 1902 01
999 1836 1207 1902 decretorum
1225 1835 1360 1902 doctore

168 1945 428 2027 perspicassimu
452 1943 524 2010 flor.
548 1945 621 2009 auri
645 1943 863 2027 Ungaricales
888 1949 908 2008 8
932 1949 1007 2010 015
1033 1944 1162 2008 talenta
1194 1943 1275 2024 den,
1308 1943 1360 2007 die

168 2057 204 2116 et
229 2051 311 2118 hora
333 2054 468 2118 statutis
493 2058 526 2117 01
548 2052 691 2118 testibus
715 2055 806 2137 prius
829 2054 1004 2138 premissis,
1029 2058 1063 2116 01
1079 2053 1213 2136 insuper
1229 2052 1360 2136 percepi

168 2158 213 2224 ab
247 2159 359 2224 eodem
392 2161 523 2244 egregio
556 2163 625 2226 viro
658 2163 901 2246 procuracionis
934 2162 1174 2226 remanenciam
1210 2163 1252 2225 64
1286 2159 1359 2224 den.

168 2266 305 2333 Wienn.

279 2369 423 2459 Singulis
447 2377 655 2461 computatis,
678 2399 738 2461 ego
762 2377 852 2461 Mag.
868 2375 1016 2442 Jacobus
1041 2375 1215 2443 Vexilliier
1235 2375 1356 2441 Trans·
1420 2383 1423 2388 '

167 2482 312 2548 silvanus
335 2485 522 2567 presentari
538 2485 717 2550 reverendo
740 2487 810 2550 viro
834 2485 924 2568 Mag.
941 2483 1043 2550 Petro
1060 2483 1260 2569 Sempronio⁷
1284 2506 1357 2550 suc-

167 2591 289 2656 cessori
313 2613 393 2666 meo,
419 2596 438 2654 8
462 2591 531 2657 flor.
557 2591 774 2676 Ungaricales
797 2595 833 2660 in
856 2614 938 2658 auro
962 2599 997 2658 01
1021 2597 1040 2657 6
1064 2593 1121 2658 101.
1137 2593 1210 2658 den.
1233 2595 1266 2658 in
1289 2617 1356 2660 mo·

165 2705 255 2778 neta,
265 2699 474 2780 presentibus
491 2699 611 2765 ibidem
628 2699 870 2766 venerabilibus
886 2702 1053 2783 magistris
1069 2701 1160 2784 Mag.
1177 2700 1355 2767 Melchiore

165 2801 265 2869 (lhall
289 2803 520 2872 (laschoviensi
543 2814 577 2872 01
599 2807 691 2892 Mag.
715 2807 842 2872 Thomu
865 2807 957 2873 Wall
971 2805 1161 2890 Oibiniensi,
1186 2831 1271 2874 anno
1287 2809 1355 2874 Do·

164 2913 247 2978 mini
273 2913 442 2979 millesimo
465 2917 727 3000 quingentesimo
751 2917 875 2982 decimo
899 2919 1023 3001 quinto.

698 3079 778 3139 (1515
798 3080 833 3142 Ι.)

276 3191 347 3278 Ego
385 3195 486 3280 Mag.
525 3195 672 3263 Petrus
705 3197 956 3282 Sempronius
993 3200 1151 3284 profiteor
1189 3203 1353 3286 accepisse

162 3304 284 3384 omnia,
309 3309 408 3388 prout
430 3327 451 3370 a
474 3307 539 3370 iam
563 3306 652 3371 (11010
676 3305 767 3390 Mag.
798 3307 928 3374 Jacobo
960 3308 1181 3392 significatum
1207 3311 1355 3378 001111(-

161 3415 273 3496 posita
283 3436 344 3498 pro
353 3415 500 3480 nacionis
516 3416 701 3480 commodo:
719 3416 805 3482 Item
822 3438 881 3501 pro
898 3416 1002 3484 offitio
1019 3417 1248 3484 defunctorum
1264 3418 1353 3502 apud

163 3521 398 3590 Predieatores
423 3530 442 3590 3
467 3525 524 3590 sol.
548 3527 629 3608 dem,
654 3527 734 3592 item
759 3526 893 3611 pedellis
918 3532 935 3589 7
961 3551 1014 3610 cn,
1037 3529 1116 3594 item
1140 3551 1200 3612 pro
1224 3527 1352 3593 duabus

161 3631 431 3697 intimeoionibus
463 3638 485 3699 4
517 3655 572 3716 or„
605 3635 685 3700 item
719 3628 806 3719 [pro]
840 3634 944 3700 offitio
969 3637 1002 3700 in
1025 3635 1078 3702 (110
1103 3637 1210 3702 sancti
1234 3635 1350 3700 Ludis·
1369 3613 1494 3740 jffl'z

160 3738 208 3802 lai
241 3739 329 3821 regis
361 3744 383 3804 4
416 3740 473 3806 sol.
506 3740 588 3822 dem,
621 3741 699 3806 item
723 3742 856 3826 pedellis
881 3748 898 3807 7
924 3763 984 3824 cr.;
1018 3746 1097 3810 item
1120 3744 1211 3827 Meg.
1236 3742 1352 3812 Vuols-

160 3867 292 3928 gangus
325 3846 532 3930 Hailigmayr
564 3847 645 3914 fecit
677 3853 857 3916 orationem
891 3854 996 3933 gratis
1024 3854 1057 3916 in
1081 3852 1211 3917 laudem
1244 3853 1351 3916 sancti

160 3953 321 4020 Ladislai.

269 4061 343 4145 Ego
376 4063 467 4147 Mag.
500 4065 621 4132 Petrus
655 4065 869 4152 Sempronius
893 4091 932 4134 ex
956 4067 1212 4136 Wilmansdorff
1232 4069 1351 4153 reliqui

159 4170 343 4236 successori
376 4191 448 4236 meo
472 4172 563 4255 Mag.
587 4173 788 4259 Wolfgango
813 4176 1024 4259 Hailigmayr
1047 4177 1082 4242 in
1106 4199 1184 4242 arca
1207 4179 1351 4242 nationis

159 4282 181 4340 8
207 4275 277 4343 flor.
302 4275 519 4362 Ungariceles
542 4281 575 4344 in
599 4301 681 4348 auro
701 4289 734 4347 et
760 4289 776 4346 7
803 4284 930 4349 talenta
953 4283 1025 4349 den.
1042 4291 1076 4352 et
1095 4289 1135 4350 14
1153 4307 1205 4367 on,
1221 4307 1350 4369 presen-

157 4384 250 4450 tibus
283 4386 523 4454 venerabilibus
557 4391 721 4474 magistris
750 4391 841 4474 Mag.
864 4392 890 4456 J
892 4391 993 4457 acobo
1026 4393 1230 4476 Vexillifero,
1260 4395 1350 4478 Mag.

156 4491 341 4558 Melchiore
374 4493 629 4578 Oasschoviensi‚
663 4498 754 4580 Mag.
784 4499 911 4564 Thoma
934 4499 1014 4564 Wal
1039 4501 1227 4584 (1111010001,
1262 4523 1349 4568 anuo

158 4606 258 4666 1515.

269 4748 288 4808 ¹)
307 4711 474 4799 Keairatben
496 4744 585 4800 XIII.
