3334 5322
335 417 399 482 234

334 615 535 700 Hyeronimo
568 615 608 682 dc
642 613 772 682 Corona
805 620 822 680 5
858 615 926 682 flor.
959 615 993 680 in
1025 636 1106 681 auro
1140 621 1214 682 017
1241 616 1298 683 sol.
1322 621 1356 682 et
1381 620 1419 682 17
1445 619 1518 685 den.

333 728 465 794 Wienn.
490 748 561 792 cum
587 729 692 794 tribus
721 728 822 812 libris,
846 751 984 814 quorum
1009 729 1073 795 duo
1107 729 1240 796 nomina
1272 731 1517 815 suppositorum

333 841 555 924 continebant,
580 843 701 906 tercius
725 861 801 906 vero
826 841 974 906 istoriam
996 839 1086 905 beati
1110 842 1198 924 regis
1231 840 1387 922 hadistat,
1412 847 1446 906 ct
1469 841 1518 904 la·

333 949 411 1016 dula
434 972 472 1015 ac
495 971 603 1035 panno
627 950 777 1031 11101011,
802 950 1021 1034 candelasque
1047 956 1097 1033 32,
1115 972 1254 1034 quarum
1276 952 1299 1014 4
1322 951 1461 1016 maiores
1485 955 1519 1014 et

334 1063 376 1122 28
409 1060 557 1141 minores
591 1061 678 1143 apud
718 1059 840 1126 fratres
872 1058 1102 1125 Prodicatores
1135 1061 1217 1125 cisto
1250 1058 1383 1138 incluse,
1418 1057 1518 1124 michi

332 1167 456 1234 tradite
478 1173 563 1250 sunt,
588 1189 674 1234 auno
698 1168 833 1234 Domini
856 1167 1026 1234 millesimo
1050 1165 1177 1234 0000ο
1199 1167 1255 1232 lxx
1278 1167 1429 1234 secunde.

440 1359 512 1448 Ego
536 1363 626 1450 Mag.
645 1365 767 1432 Petrus
790 1367 830 1431 dc
853 1366 993 1450 001010,
1017 1368 1210 1434 licenciatus
1233 1367 1405 1450 theologie,
1430 1388 1519 1432 reco-

333 1495 452 1557 gnosco
485 1474 575 1558 Mag.
599 1465 777 1542 Albertum
802 1476 841 1542 de
865 1475 1072 1570 Albaregali,
1095 1483 1342 1562 procuratorem
1371 1479 1519 1542 nacionis

333 1583 517 1666 Hungaric,
542 1584 630 1668 apud
662 1607 713 1651 me
743 1585 929 1668 deposuisse
954 1591 972 1650 6
998 1586 1067 1652 flor.
1091 1586 1335 1670 Hungaricales
1358 1592 1392 1651 et
1418 1592 1436 1652 5
1462 1587 1520 1652 sol.

194 1663 313 1781 „3732
333 1690 404 1756 den.
421 1713 493 1757 cum
517 1692 629 1757 ladula
646 1699 678 1757 et
694 1693 787 1760 libris
811 1694 957 1761 nacionis
982 1693 1135 1776 ciusdem,
1159 1715 1244 1760 anno
1268 1693 1402 1760 Domini
1421 1699 1520 1774 1472,

333 1797 386 1862 dic
409 1798 530 1866 Cecilic
554 1799 710 1884 Virginis.

861 1926 995 1988 (14731.)

440 2069 512 2156 Ego
536 2071 635 2154 Mag.
658 2071 781 2138 Adam
805 2071 1070 2158 Ohempneter
1093 2074 1137 2138 de
1161 2071 1381 2154 Olomuoi0‚
1406 2073 1520 2139 decre·

332 2185 441 2246 torum
465 2179 588 2258 doctor,
610 2181 784 2244 canonicus
806 2179 1039 2260 Olomuconsis
1064 2202 1258 2264 recognosco
1277 2186 1310 2245 01
1326 2181 1442 2261 fateor,
1467 2203 1518 2246 me

331 2289 513 2371 percepisse
545 2287 675 2353 nomine
708 2290 935 2372 procuratorio
969 2289 1115 2354 nacionis
1139 2289 1314 2372 Hungaric
1338 2289 1450 2354 inclite
1476 2287 1518 2354 ab

332 2396 449 2461 eximio
473 2397 542 2460 viro
575 2395 665 2478 Mag.
691 2396 792 2462 Petro
816 2395 857 2462 de
881 2395 1021 2479 Corona,
1044 2397 1217 2463 licenciato
1240 2398 1413 2480 theologie,
1437 2403 1519 2462 tunc

331 2509 441 2569 nostre
457 2505 568 2570 inclite
584 2506 808 2570 universitatis
824 2511 950 2571 rectore
965 2507 1089 2589 optime
1106 2507 1233 2587 merito,
1250 2507 1340 2586 alias,
1357 2511 1395 2570 ut
1411 2527 1515 2590 supra

330 2613 476 2696 proximo
500 2619 686 2692 annotatur,
711 2613 910 2696 depositorio
943 2613 1104 2679 bonorum
1137 2614 1283 2680 nacionis
1317 2613 1518 2698 supradicte,

331 2721 470 2786 florenos
498 2720 740 2804 Hungarioales
764 2727 783 2786 6
808 2722 873 2802 sol,
898 2726 916 2786 5
942 2721 1014 2788 dcn.
1038 2723 1171 2788 Wienn.
1210 2723 1351 2804 insuper
1384 2723 1518 2806 percepi

331 2828 373 2894 ab
398 2829 511 2894 codem
533 2830 603 2894 viro
637 2829 810 2914 magnifico
841 2835 900 2894 cto.
926 2835 955 2912 6,
977 2831 1034 2895 sol.
1059 2835 1100 2895 10
1126 2830 1197 2896 den.
1222 2829 1355 2894 Wienn.
1379 2836 1519 2909 monete,

331 2957 413 3018 quos
432 2958 472 3000 ex
489 2958 549 3002 usu
574 2937 786 3002 candelarum
810 2938 954 3002 nacionis
979 2937 1122 3003 eiusdem
1147 2938 1295 3021 percepit
1317 2938 1410 3002 iuxta
1433 2938 1519 3003 eius-

331 3042 403 3108 dem
435 3045 580 3109 nacionis
614 3045 848 3124 0rdinaciones,
882 3044 1087 3128 presentibus
1112 3044 1289 3110 venerabili
1312 3050 1347 3108 01
1379 3045 1519 3110 honesto

331 3150 400 3215 viro
433 3150 523 3234 Mag.
546 3151 676 3217 Briccio
701 3153 740 3216 dc
765 3151 859 3233 01110,
892 3152 1076 3217 1000010110
1109 3152 1280 3235 theologie,
1304 3159 1337 3217 et
1360 3151 1518 3218 Johanne

331 3258 463 3322 Renncr
487 3258 527 3323 de
552 3257 739 3343 Sulczpach,
763 3258 891 3324 bedello
915 3259 1087 3342 theologie,
1112 3279 1197 3324 anno
1221 3259 1355 3324 Domini
1380 3259 1514 3325 010111ο

196 3339 311 3472 ὃέζγέὲ
331 3361 458 3430 0000ο
481 3366 584 3445 lxxiii,
608 3363 661 3430 die
685 3365 824 3432 Veneris
849 3371 900 3432 23.
924 3368 1042 3432 mensis
1065 3365 1202 3450 Aprilis.

188 3483 317 3538 1011011
439 3473 539 3540 Anno
573 3473 707 3538 Domini
741 3496 806 3557 quo
839 3495 937 3557 supra
969 3476 1077 3558 recepi
1110 3475 1152 3540 ab
1181 3473 1358 3540 venerabili
1391 3477 1517 3540 arcium

330 3582 499 3648 licenciato
531 3580 699 3664 Stephano
723 3581 764 3646 de
788 3580 911 3646 Pescht
943 3603 1002 3665 pro
1033 3605 1094 3648 usu
1127 3581 1338 3647 candelarum
1371 3583 1518 3647 nacionis

330 3691 365 3755 in
397 3693 497 3756 missa
528 3689 768 3770 defunctorum,
803 3693 845 3755 24
878 3689 1041 3754 minorum
1073 3695 1106 3754 01
1130 3692 1152 3753 4
1175 3690 1343 3769 maiorum,
1378 3693 1419 3754 52
1445 3689 1518 3754 den.

331 3798 463 3864 Wienn.

215 3907 293 3966 1473,
438 3907 614 3991 Exposita:
634 3905 720 3972 Item
745 3927 805 3990 pro
821 3905 927 3972 officio
943 3907 1048 3972 sancti
1064 3907 1151 3990 regis
1167 3905 1314 3971 Ladislai
1330 3907 1352 3968 4
1369 3905 1427 3970 sol.
1444 3905 1516 3970 den.

193 3972 253 4038 jun.
269 3980 310 4026 ²⁷⁸
330 4015 490 4082 fratribus
522 4013 798 4079 Prcdicatoribus.
837 4015 924 4080 Item
957 4013 1101 4094 bedelhs,
1136 4013 1272 4079 cuilibet
1298 4018 1313 4078 l
1339 4035 1388 4096 gf·
1428 4012 1515 4078 Rem

329 4145 389 4208 pro
413 4122 539 4188 duabus
572 4122 836 4188 intimacionibus
870 4123 1022 4206 scriptori
1051 4125 1091 4186 14
1116 4121 1187 4187 den.
1226 4121 1315 4185 Item
1345 4141 1406 4204 pro
1439 4120 1514 4186 aliis

330 4237 473 4316 quatuor
495 4231 761 4296 intimacionibus
785 4234 807 4294 4
830 4253 878 4314 gr.
911 4230 998 4296 Item
1022 4251 1081 4314 pro
1105 4229 1341 4295 reformacione
1365 4227 1514 4292 candela·

328 4363 412 4421 rum,
435 4341 543 4404 verius
568 4337 705 4403 dixerim
737 4360 797 4422 pro
820 4341 911 4404 novis
941 4338 1177 4422 comparandis,
1201 4338 1356 4422 quoniam
1388 4336 1514 4420 priores

328 4447 460 4531 penitus
484 4447 684 4527 defecerunt,
708 4447 844 4530 exposui
869 4451 887 4511 5
912 4445 982 4512 flor.
1006 4445 1258 4530 Hungaricalea

435 4555 509 4638 Ego
542 4553 632 4637 Mag.
655 4551 767 4619 Adam
800 4551 997 4620 Ohemuetcr
1020 4555 1060 4620 de
1093 4551 1271 4636 Olomuoi0‚
1304 4553 1512 4618 decretorum

328 4663 450 4744 doctor,
484 4661 657 4744 canonicus
690 4658 923 4746 Olomucensis,
951 4661 1075 4729 tradidi
1107 4661 1285 4728 1010101111
1318 4665 1351 4724 01
1382 4659 1512 4748 egregio
