<?xml version="1.0" encoding="UTF-8"?>
<!DOCTYPE html PUBLIC "-//W3C//DTD XHTML 1.0 Transitional//EN"
    "http://www.w3.org/TR/xhtml1/DTD/xhtml1-transitional.dtd">
<html xmlns="http://www.w3.org/1999/xhtml" xml:lang="en" lang="en">
 <head>
  <title>
</title>
<meta http-equiv="Content-Type" content="text/html;charset=utf-8" />
  <meta name='ocr-system' content='tesseract 3.04.00' />
  <meta name='ocr-capabilities' content='ocr_page ocr_carea ocr_par ocr_line ocrx_word'/>
</head>
<body>
  <div class='ocr_page' id='page_1' title='image "./abcsiegyetemmag00akadgoog/abcsiegyetemmag00akadgoog_0332.png"; bbox 0 0 3334 5322; ppageno 0'>
   <div class='ocr_carea' id='block_1_1' title="bbox 1296 430 1358 494">
    <p class='ocr_par' dir='ltr' id='par_1_1' title="bbox 1296 430 1358 494">
     <span class='ocr_line' id='line_1_1' title="bbox 1296 430 1358 494; baseline 0.032 -2"><span class='ocrx_word' id='word_1_1' title='bbox 1296 430 1358 494; x_wconf 72' lang='grc'><strong>121</strong></span> 
     </span>
    </p>
   </div>
   <div class='ocr_carea' id='block_1_2' title="bbox 171 621 1447 1260">
    <p class='ocr_par' dir='ltr' id='par_1_2' title="bbox 171 621 1447 1260">
     <span class='ocr_line' id='line_1_2' title="bbox 173 621 1360 710; baseline 0.003 -20"><span class='ocrx_word' id='word_1_2' title='bbox 173 623 302 691; x_wconf 88' lang='lat' dir='ltr'><strong>lentino</strong></span> <span class='ocrx_word' id='word_1_3' title='bbox 326 624 366 692; x_wconf 89' lang='lat' dir='ltr'><strong>de</strong></span> <span class='ocrx_word' id='word_1_4' title='bbox 389 621 615 708; x_wconf 78' lang='lat' dir='ltr'><strong>Veresmarth,</strong></span> <span class='ocrx_word' id='word_1_5' title='bbox 631 625 707 691; x_wconf 79' lang='lat' dir='ltr'><strong>¹viro</strong></span> <span class='ocrx_word' id='word_1_6' title='bbox 740 624 933 708; x_wconf 85' lang='lat' dir='ltr'><strong>honorabili,</strong></span> <span class='ocrx_word' id='word_1_7' title='bbox 962 623 1160 710; x_wconf 67' lang='lat' dir='ltr'><strong>‘resignando</strong></span> <span class='ocrx_word' id='word_1_8' title='bbox 1193 623 1280 692; x_wconf 90' lang='lat' dir='ltr'><strong>bona</strong></span> <span class='ocrx_word' id='word_1_9' title='bbox 1303 649 1360 693; x_wconf 91' lang='lat' dir='ltr'><strong>na-</strong></span> 
     </span>
     <span class='ocr_line' id='line_1_3' title="bbox 173 733 1360 820; baseline 0.003 -22"><span class='ocrx_word' id='word_1_10' title='bbox 173 733 786 802; x_wconf 73' lang='grc'><strong>010010010011011111011151100110111</strong></span> <span class='ocrx_word' id='word_1_11' title='bbox 818 734 892 800; x_wconf 90' lang='lat' dir='ltr'><strong>auri</strong></span> <span class='ocrx_word' id='word_1_12' title='bbox 925 740 958 800; x_wconf 88' lang='lat' dir='ltr'><strong>ct</strong></span> <span class='ocrx_word' id='word_1_13' title='bbox 990 735 1068 802; x_wconf 91' lang='lat' dir='ltr'><strong>iusti</strong></span> <span class='ocrx_word' id='word_1_14' title='bbox 1100 736 1254 820; x_wconf 86' lang='lat' dir='ltr'><strong>ponderis</strong></span> <span class='ocrx_word' id='word_1_15' title='bbox 1287 759 1360 802; x_wconf 93' lang='lat' dir='ltr'><strong>cum</strong></span> 
     </span>
     <span class='ocr_line' id='line_1_4' title="bbox 174 841 1361 928; baseline 0.003 -21"><span class='ocrx_word' id='word_1_16' title='bbox 174 847 196 907; x_wconf 90' lang='lat'><strong>3</strong></span> <span class='ocrx_word' id='word_1_17' title='bbox 221 841 331 909; x_wconf 83' lang='grc'><strong>00101</strong></span> <span class='ocrx_word' id='word_1_18' title='bbox 355 847 374 908; x_wconf 85' lang='lat'>5</span> <span class='ocrx_word' id='word_1_19' title='bbox 399 843 480 926; x_wconf 82' lang='lat' dir='ltr'><strong>don,</strong></span> <span class='ocrx_word' id='word_1_20' title='bbox 504 843 650 912; x_wconf 88' lang='lat' dir='ltr'><strong>ladulam</strong></span> <span class='ocrx_word' id='word_1_21' title='bbox 675 859 748 909; x_wconf 89' lang='lat' dir='ltr'><strong>oum</strong></span> <span class='ocrx_word' id='word_1_22' title='bbox 773 843 901 910; x_wconf 85' lang='lat' dir='ltr'><strong>duabus</strong></span> <span class='ocrx_word' id='word_1_23' title='bbox 923 845 1014 925; x_wconf 89' lang='lat' dir='ltr'><strong>seris,</strong></span> <span class='ocrx_word' id='word_1_24' title='bbox 1038 846 1257 910; x_wconf 87' lang='lat' dir='ltr'><strong>continentem</strong></span> <span class='ocrx_word' id='word_1_25' title='bbox 1280 865 1361 928; x_wconf 89' lang='lat' dir='ltr'><strong>pan-</strong></span> 
     </span>
     <span class='ocr_line' id='line_1_5' title="bbox 171 949 1360 1038; baseline 0.003 -25"><span class='ocrx_word' id='word_1_26' title='bbox 171 972 254 1014; x_wconf 88' lang='lat' dir='ltr'><strong>num</strong></span> <span class='ocrx_word' id='word_1_27' title='bbox 278 949 459 1018; x_wconf 83' lang='lat' dir='ltr'><strong>funaralam</strong></span> <span class='ocrx_word' id='word_1_28' title='bbox 483 974 557 1017; x_wconf 89' lang='lat' dir='ltr'><strong>oum</strong></span> <span class='ocrx_word' id='word_1_29' title='bbox 576 957 719 1036; x_wconf 88' lang='lat' dir='ltr'><strong>utraque</strong></span> <span class='ocrx_word' id='word_1_30' title='bbox 743 950 925 1032; x_wconf 73' lang='lat' dir='ltr'><strong>matricula,</strong></span> <span class='ocrx_word' id='word_1_31' title='bbox 949 951 1120 1018; x_wconf 81' lang='lat' dir='ltr'><strong>historiam</strong></span> <span class='ocrx_word' id='word_1_32' title='bbox 1144 954 1250 1018; x_wconf 88' lang='lat' dir='ltr'><strong>sancti</strong></span> <span class='ocrx_word' id='word_1_33' title='bbox 1274 953 1360 1038; x_wconf 88' lang='lat' dir='ltr'><strong>regis</strong></span> 
     </span>
     <span class='ocr_line' id='line_1_6' title="bbox 172 1056 1360 1141; baseline 0.003 -20"><span class='ocrx_word' id='word_1_34' title='bbox 172 1056 332 1139; x_wconf 74' lang='lat' dir='ltr'><strong>ladislai,</strong></span> <span class='ocrx_word' id='word_1_35' title='bbox 369 1063 410 1122; x_wconf 78' lang='lat'><strong>25</strong></span> <span class='ocrx_word' id='word_1_36' title='bbox 435 1059 597 1139; x_wconf 83' lang='lat' dir='ltr'><strong>candelas,</strong></span> <span class='ocrx_word' id='word_1_37' title='bbox 622 1060 806 1126; x_wconf 88' lang='grc'><strong>4111010100</strong></span> <span class='ocrx_word' id='word_1_38' title='bbox 839 1064 873 1124; x_wconf 89' lang='grc'><strong>01</strong></span> <span class='ocrx_word' id='word_1_39' title='bbox 907 1063 948 1123; x_wconf 77' lang='lat'><strong>21</strong></span> <span class='ocrx_word' id='word_1_40' title='bbox 974 1061 1360 1141; x_wconf 74' lang='grc'><strong>1111110100001011111110</strong></span> 
     </span>
     <span class='ocr_line' id='line_1_7' title="bbox 171 1164 1447 1260; baseline 0.003 -32"><span class='ocrx_word' id='word_1_41' title='bbox 171 1166 414 1234; x_wconf 78' lang='lat' dir='ltr'><strong>venerabilibus</strong></span> <span class='ocrx_word' id='word_1_42' title='bbox 439 1187 477 1232; x_wconf 92' lang='lat' dir='ltr'><strong>ac</strong></span> <span class='ocrx_word' id='word_1_43' title='bbox 501 1165 689 1234; x_wconf 79' lang='lat' dir='ltr'><strong>scientificis</strong></span> <span class='ocrx_word' id='word_1_44' title='bbox 713 1165 809 1232; x_wconf 92' lang='lat' dir='ltr'><strong>Dom.</strong></span> <span class='ocrx_word' id='word_1_45' title='bbox 833 1164 980 1247; x_wconf 84' lang='lat' dir='ltr'><strong>Andrea,</strong></span> <span class='ocrx_word' id='word_1_46' title='bbox 1014 1169 1180 1250; x_wconf 86' lang='lat' dir='ltr'><strong>preposito</strong></span> <span class='ocrx_word' id='word_1_47' title='bbox 1204 1168 1360 1250; x_wconf 77' lang='lat' dir='ltr'><strong>Twrensi,</strong></span> <span class='ocrx_word' id='word_1_48' title='bbox 1445 1253 1447 1260; x_wconf 17' lang='grc' dir='ltr'><strong><em>Α</em></strong></span> 
     </span>
    </p>
   </div>
   <div class='ocr_carea' id='block_1_3' title="bbox 167 1273 1502 3536">
    <p class='ocr_par' dir='ltr' id='par_1_3' title="bbox 172 1273 1315 1475">
     <span class='ocr_line' id='line_1_8' title="bbox 172 1273 1315 1358; baseline 0.003 -21"><span class='ocrx_word' id='word_1_49' title='bbox 172 1279 209 1338; x_wconf 85' lang='grc'><strong>01</strong></span> <span class='ocrx_word' id='word_1_50' title='bbox 233 1273 324 1358; x_wconf 87' lang='grc' dir='ltr'><strong>Μο3.</strong></span> <span class='ocrx_word' id='word_1_51' title='bbox 348 1274 521 1341; x_wconf 89' lang='lat' dir='ltr'><strong>Anthonio</strong></span> <span class='ocrx_word' id='word_1_52' title='bbox 545 1275 586 1340; x_wconf 91' lang='lat' dir='ltr'><strong>do</strong></span> <span class='ocrx_word' id='word_1_53' title='bbox 610 1273 800 1357; x_wconf 84' lang='lat' dir='ltr'><strong>Makrancz,</strong></span> <span class='ocrx_word' id='word_1_54' title='bbox 825 1275 952 1340; x_wconf 87' lang='lat' dir='ltr'><strong>adhoc</strong></span> <span class='ocrx_word' id='word_1_55' title='bbox 976 1275 1160 1358; x_wconf 79' lang='lat' dir='ltr'><strong>specialiter</strong></span> <span class='ocrx_word' id='word_1_56' title='bbox 1183 1277 1315 1341; x_wconf 82' lang='lat' dir='ltr'><strong>vocatis.</strong></span> 
     </span>
     <span class='ocr_line' id='line_1_9' title="bbox 705 1411 839 1475; baseline 0 -13"><span class='ocrx_word' id='word_1_57' title='bbox 705 1411 839 1475; x_wconf 74' lang='lat'><strong>(14611.)</strong></span> 
     </span>
    </p>

    <p class='ocr_par' dir='ltr' id='par_1_4' title="bbox 173 1505 1455 1699">
     <span class='ocr_line' id='line_1_10' title="bbox 283 1505 1455 1597; baseline 0.003 -25"><span class='ocrx_word' id='word_1_58' title='bbox 283 1505 330 1576; x_wconf 84' lang='lat' dir='ltr'><strong>Et</strong></span> <span class='ocrx_word' id='word_1_59' title='bbox 349 1531 408 1594; x_wconf 91' lang='grc'><strong>030</strong></span> <span class='ocrx_word' id='word_1_60' title='bbox 431 1511 580 1596; x_wconf 86' lang='lat' dir='ltr'><strong>prefatus</strong></span> <span class='ocrx_word' id='word_1_61' title='bbox 604 1512 702 1597; x_wconf 85' lang='lat' dir='ltr'><strong>Mag.</strong></span> <span class='ocrx_word' id='word_1_62' title='bbox 717 1511 959 1580; x_wconf 88' lang='lat' dir='ltr'><strong>Valentinus</strong></span> <span class='ocrx_word' id='word_1_63' title='bbox 980 1511 1087 1576; x_wconf 85' lang='lat' dir='ltr'><strong>fateor</strong></span> <span class='ocrx_word' id='word_1_64' title='bbox 1103 1510 1251 1594; x_wconf 89' lang='lat' dir='ltr'><strong>predicta</strong></span> <span class='ocrx_word' id='word_1_65' title='bbox 1274 1511 1360 1576; x_wconf 90' lang='lat' dir='ltr'><strong>bona</strong></span> <span class='ocrx_word' id='word_1_66' title='bbox 1452 1521 1455 1524; x_wconf 87' lang='grc'><strong>’</strong></span> 
     </span>
     <span class='ocr_line' id='line_1_11' title="bbox 173 1611 1095 1699; baseline 0.005 -20"><span class='ocrx_word' id='word_1_67' title='bbox 173 1617 339 1699; x_wconf 84' lang='lat' dir='ltr'><strong>recepisse</strong></span> <span class='ocrx_word' id='word_1_68' title='bbox 363 1619 455 1685; x_wconf 84' lang='lat' dir='ltr'><strong>iuxta</strong></span> <span class='ocrx_word' id='word_1_69' title='bbox 479 1619 564 1685; x_wconf 88' lang='lat' dir='ltr'><strong>hanc</strong></span> <span class='ocrx_word' id='word_1_70' title='bbox 587 1620 727 1686; x_wconf 86' lang='lat' dir='ltr'><strong>formam</strong></span> <span class='ocrx_word' id='word_1_71' title='bbox 751 1611 950 1684; x_wconf 77' lang='lat' dir='ltr'><strong>immediate</strong></span> <span class='ocrx_word' id='word_1_72' title='bbox 963 1623 1095 1684; x_wconf 88' lang='lat' dir='ltr'><strong>tactam.</strong></span> 
     </span>
    </p>

    <p class='ocr_par' dir='ltr' id='par_1_5' title="bbox 170 1723 1501 2343">
     <span class='ocr_line' id='line_1_12' title="bbox 284 1723 1360 1810; baseline 0.006 -22"><span class='ocrx_word' id='word_1_73' title='bbox 284 1723 372 1790; x_wconf 87' lang='lat' dir='ltr'><strong>Itam</strong></span> <span class='ocrx_word' id='word_1_74' title='bbox 405 1727 439 1790; x_wconf 92' lang='lat' dir='ltr'><strong>in</strong></span> <span class='ocrx_word' id='word_1_75' title='bbox 471 1723 696 1809; x_wconf 84' lang='lat' dir='ltr'><strong>resignaoioua</strong></span> <span class='ocrx_word' id='word_1_76' title='bbox 730 1726 880 1810; x_wconf 88' lang='lat' dir='ltr'><strong>predicta</strong></span> <span class='ocrx_word' id='word_1_77' title='bbox 913 1748 972 1810; x_wconf 92' lang='lat' dir='ltr'><strong>pro</strong></span> <span class='ocrx_word' id='word_1_78' title='bbox 996 1727 1173 1792; x_wconf 88' lang='lat' dir='ltr'><strong>collacione</strong></span> <span class='ocrx_word' id='word_1_79' title='bbox 1197 1727 1360 1794; x_wconf 88' lang='lat' dir='ltr'><strong>dictorum</strong></span> 
     </span>
     <span class='ocr_line' id='line_1_13' title="bbox 172 1829 1358 1917; baseline 0.007 -23"><span class='ocrx_word' id='word_1_80' title='bbox 172 1829 379 1897; x_wconf 88' lang='lat' dir='ltr'><strong>dominorum</strong></span> <span class='ocrx_word' id='word_1_81' title='bbox 413 1837 447 1898; x_wconf 90' lang='lat' dir='ltr'><strong>et</strong></span> <span class='ocrx_word' id='word_1_82' title='bbox 478 1835 711 1917; x_wconf 86' lang='lat' dir='ltr'><strong>magistrorum</strong></span> <span class='ocrx_word' id='word_1_83' title='bbox 735 1834 872 1916; x_wconf 81' lang='lat' dir='ltr'><strong>exposui</strong></span> <span class='ocrx_word' id='word_1_84' title='bbox 897 1837 939 1898; x_wconf 84' lang='lat'><strong>36</strong></span> <span class='ocrx_word' id='word_1_85' title='bbox 964 1831 1036 1899; x_wconf 86' lang='lat' dir='ltr'><strong>don.</strong></span> <span class='ocrx_word' id='word_1_86' title='bbox 1075 1833 1164 1900; x_wconf 87' lang='lat' dir='ltr'><strong>Item</strong></span> <span class='ocrx_word' id='word_1_87' title='bbox 1197 1833 1358 1902; x_wconf 89' lang='lat' dir='ltr'><strong>fratribus</strong></span> 
     </span>
     <span class='ocr_line' id='line_1_14' title="bbox 170 1909 1501 2040; baseline 0.007 -39"><span class='ocrx_word' id='word_1_88' title='bbox 170 1937 441 2006; x_wconf 89' lang='lat' dir='ltr'><strong>Predicatoribus</strong></span> <span class='ocrx_word' id='word_1_89' title='bbox 472 1963 533 2024; x_wconf 90' lang='lat' dir='ltr'><strong>pro</strong></span> <span class='ocrx_word' id='word_1_90' title='bbox 564 1941 731 2008; x_wconf 85' lang='lat' dir='ltr'><strong>laboribus</strong></span> <span class='ocrx_word' id='word_1_91' title='bbox 754 1943 789 2006; x_wconf 90' lang='lat' dir='ltr'><strong>in</strong></span> <span class='ocrx_word' id='word_1_92' title='bbox 812 1941 897 2006; x_wconf 86' lang='lat' dir='ltr'><strong>sesto</strong></span> <span class='ocrx_word' id='word_1_93' title='bbox 921 1939 1009 2005; x_wconf 91' lang='lat' dir='ltr'><strong>beati</strong></span> <span class='ocrx_word' id='word_1_94' title='bbox 1042 1943 1128 2024; x_wconf 87' lang='lat' dir='ltr'><strong>ragis</strong></span> <span class='ocrx_word' id='word_1_95' title='bbox 1152 1941 1301 2010; x_wconf 87' lang='lat' dir='ltr'><strong>Ladislai</strong></span> <span class='ocrx_word' id='word_1_96' title='bbox 1326 1949 1359 2009; x_wconf 87' lang='lat' dir='ltr'><strong>et</strong></span> <span class='ocrx_word' id='word_1_97' title='bbox 1376 1909 1501 2040; x_wconf 47' lang='lat' dir='ltr'><strong>jumi,</strong></span> 
     </span>
     <span class='ocr_line' id='line_1_15' title="bbox 173 2047 1358 2134; baseline 0.003 -24"><span class='ocrx_word' id='word_1_98' title='bbox 173 2047 399 2113; x_wconf 81' lang='lat' dir='ltr'><strong>anniversario</strong></span> <span class='ocrx_word' id='word_1_99' title='bbox 424 2048 717 2114; x_wconf 85' lang='lat' dir='ltr'><strong>dadi6s01.den.</strong></span> <span class='ocrx_word' id='word_1_100' title='bbox 749 2047 836 2114; x_wconf 86' lang='lat' dir='ltr'><strong>Item</strong></span> <span class='ocrx_word' id='word_1_101' title='bbox 869 2047 1117 2114; x_wconf 85' lang='lat' dir='ltr'><strong>sermocinatori</strong></span> <span class='ocrx_word' id='word_1_102' title='bbox 1149 2050 1181 2114; x_wconf 89' lang='lat' dir='ltr'><strong>in</strong></span> <span class='ocrx_word' id='word_1_103' title='bbox 1213 2049 1358 2134; x_wconf 84' lang='lat' dir='ltr'><strong>profesto</strong></span> 
     </span>
     <span class='ocr_line' id='line_1_16' title="bbox 172 2143 1360 2240; baseline 0.003 -22"><span class='ocrx_word' id='word_1_104' title='bbox 172 2154 265 2220; x_wconf 88' lang='lat' dir='ltr'><strong>beati</strong></span> <span class='ocrx_word' id='word_1_105' title='bbox 288 2157 375 2240; x_wconf 87' lang='lat' dir='ltr'><strong>ragis</strong></span> <span class='ocrx_word' id='word_1_106' title='bbox 399 2157 549 2222; x_wconf 88' lang='lat' dir='ltr'><strong>Ladislai</strong></span> <span class='ocrx_word' id='word_1_107' title='bbox 572 2143 646 2222; x_wconf 76' lang='lat' dir='ltr'><strong>dccli</strong></span> <span class='ocrx_word' id='word_1_108' title='bbox 668 2153 708 2240; x_wconf 75' lang='lat' dir='ltr'><strong>¹l,</strong></span> <span class='ocrx_word' id='word_1_109' title='bbox 732 2157 859 2223; x_wconf 88' lang='lat' dir='ltr'><strong>libram.</strong></span> <span class='ocrx_word' id='word_1_110' title='bbox 882 2157 969 2222; x_wconf 88' lang='lat' dir='ltr'><strong>Item</strong></span> <span class='ocrx_word' id='word_1_111' title='bbox 993 2158 1145 2240; x_wconf 85' lang='lat' dir='ltr'><strong>scriptori</strong></span> <span class='ocrx_word' id='word_1_112' title='bbox 1170 2157 1360 2222; x_wconf 87' lang='lat' dir='ltr'><strong>cedularum</strong></span> 
     </span>
     <span class='ocr_line' id='line_1_17' title="bbox 170 2263 607 2343; baseline 0.014 -18"><span class='ocrx_word' id='word_1_113' title='bbox 170 2263 392 2330; x_wconf 87' lang='lat' dir='ltr'><strong>iutimacionis</strong></span> <span class='ocrx_word' id='word_1_114' title='bbox 417 2271 436 2336; x_wconf 75' lang='lat'><em>2</em></span> <span class='ocrx_word' id='word_1_115' title='bbox 461 2267 531 2332; x_wconf 88' lang='lat' dir='ltr'><strong>deu.</strong></span> <span class='ocrx_word' id='word_1_116' title='bbox 604 2337 607 2343; x_wconf 49' lang='lat'><strong>.</strong></span> 
     </span>
    </p>

    <p class='ocr_par' dir='ltr' id='par_1_6' title="bbox 168 2369 1502 2998">
     <span class='ocr_line' id='line_1_18' title="bbox 281 2369 1360 2458; baseline 0.009 -24"><span class='ocrx_word' id='word_1_117' title='bbox 281 2369 355 2452; x_wconf 81' lang='lat' dir='ltr'><strong>Ego</strong></span> <span class='ocrx_word' id='word_1_118' title='bbox 378 2370 469 2454; x_wconf 86' lang='lat' dir='ltr'><strong>Mag.</strong></span> <span class='ocrx_word' id='word_1_119' title='bbox 482 2371 679 2439; x_wconf 86' lang='lat' dir='ltr'><strong>Valentinus</strong></span> <span class='ocrx_word' id='word_1_120' title='bbox 702 2371 743 2437; x_wconf 90' lang='lat' dir='ltr'><strong>de</strong></span> <span class='ocrx_word' id='word_1_121' title='bbox 759 2370 986 2454; x_wconf 89' lang='lat' dir='ltr'><strong>Veresmarth,</strong></span> <span class='ocrx_word' id='word_1_122' title='bbox 1002 2371 1123 2437; x_wconf 86' lang='lat' dir='ltr'><strong>electus</strong></span> <span class='ocrx_word' id='word_1_123' title='bbox 1146 2373 1179 2438; x_wconf 91' lang='lat' dir='ltr'><strong>in</strong></span> <span class='ocrx_word' id='word_1_124' title='bbox 1203 2395 1360 2458; x_wconf 86' lang='lat' dir='ltr'><strong>procura·</strong></span> 
     </span>
     <span class='ocr_line' id='line_1_19' title="bbox 170 2449 1502 2582; baseline 0.01 -43"><span class='ocrx_word' id='word_1_125' title='bbox 170 2481 279 2540; x_wconf 89' lang='lat' dir='ltr'><strong>torem</strong></span> <span class='ocrx_word' id='word_1_126' title='bbox 303 2477 413 2542; x_wconf 90' lang='lat' dir='ltr'><strong>inclite</strong></span> <span class='ocrx_word' id='word_1_127' title='bbox 437 2481 584 2544; x_wconf 87' lang='lat' dir='ltr'><strong>nacionis</strong></span> <span class='ocrx_word' id='word_1_128' title='bbox 607 2479 784 2562; x_wconf 85' lang='lat' dir='ltr'><strong>Huugarie</strong></span> <span class='ocrx_word' id='word_1_129' title='bbox 808 2477 942 2544; x_wconf 80' lang='lat' dir='ltr'><strong>infesto</strong></span> <span class='ocrx_word' id='word_1_130' title='bbox 966 2477 1139 2544; x_wconf 84' lang='lat' dir='ltr'><strong>beatorum</strong></span> <span class='ocrx_word' id='word_1_131' title='bbox 1156 2479 1301 2549; x_wconf 79' lang='grc'><strong>’1111111011</strong></span> <span class='ocrx_word' id='word_1_132' title='bbox 1325 2493 1359 2551; x_wconf 91' lang='grc'><strong>01</strong></span> <span class='ocrx_word' id='word_1_133' title='bbox 1386 2449 1502 2582; x_wconf 48' lang='lat' dir='ltr'><strong>ml,</strong></span> 
     </span>
     <span class='ocr_line' id='line_1_20' title="bbox 170 2581 1357 2672; baseline 0.008 -24"><span class='ocrx_word' id='word_1_134' title='bbox 170 2581 353 2669; x_wconf 86' lang='lat' dir='ltr'><strong>Valeriani,</strong></span> <span class='ocrx_word' id='word_1_135' title='bbox 378 2588 628 2672; x_wconf 88' lang='lat' dir='ltr'><strong>compulsusque</strong></span> <span class='ocrx_word' id='word_1_136' title='bbox 660 2587 856 2670; x_wconf 89' lang='lat' dir='ltr'><strong>quibusdam</strong></span> <span class='ocrx_word' id='word_1_137' title='bbox 888 2587 1147 2671; x_wconf 87' lang='lat' dir='ltr'><strong>necessitatibus,</strong></span> <span class='ocrx_word' id='word_1_138' title='bbox 1172 2593 1273 2656; x_wconf 90' lang='lat' dir='ltr'><strong>tercio</strong></span> <span class='ocrx_word' id='word_1_139' title='bbox 1305 2593 1357 2658; x_wconf 88' lang='lat' dir='ltr'><strong>die</strong></span> 
     </span>
     <span class='ocr_line' id='line_1_21' title="bbox 169 2666 1501 2799; baseline 0.008 -45"><span class='ocrx_word' id='word_1_140' title='bbox 169 2699 251 2757; x_wconf 87' lang='lat' dir='ltr'><strong>ante</strong></span> <span class='ocrx_word' id='word_1_141' title='bbox 275 2692 396 2760; x_wconf 86' lang='lat' dir='ltr'><strong>festum</strong></span> <span class='ocrx_word' id='word_1_142' title='bbox 420 2695 668 2780; x_wconf 83' lang='lat' dir='ltr'><strong>Assumpcionis</strong></span> <span class='ocrx_word' id='word_1_143' title='bbox 693 2695 842 2778; x_wconf 86' lang='lat' dir='ltr'><strong>Virginis</strong></span> <span class='ocrx_word' id='word_1_144' title='bbox 874 2695 1012 2778; x_wconf 88' lang='grc'><strong>31011000</strong></span> <span class='ocrx_word' id='word_1_145' title='bbox 1046 2696 1202 2762; x_wconf 88' lang='lat' dir='ltr'><strong>substitui</strong></span> <span class='ocrx_word' id='word_1_146' title='bbox 1224 2699 1258 2764; x_wconf 90' lang='lat' dir='ltr'><strong>in</strong></span> <span class='ocrx_word' id='word_1_147' title='bbox 1281 2723 1356 2784; x_wconf 92' lang='lat' dir='ltr'><strong>pro·</strong></span> <span class='ocrx_word' id='word_1_148' title='bbox 1381 2666 1501 2799; x_wconf 51' lang='lat' dir='ltr'><strong>,Q</strong></span> 
     </span>
     <span class='ocr_line' id='line_1_22' title="bbox 168 2783 1357 2890; baseline 0.005 -24"><span class='ocrx_word' id='word_1_149' title='bbox 168 2809 361 2869; x_wconf 86' lang='lat' dir='ltr'><strong>curatorem</strong></span> <span class='ocrx_word' id='word_1_150' title='bbox 390 2806 537 2890; x_wconf 86' lang='lat' dir='ltr'><strong>predicta</strong></span> <span class='ocrx_word' id='word_1_151' title='bbox 559 2804 706 2870; x_wconf 89' lang='lat' dir='ltr'><strong>nacionis</strong></span> <span class='ocrx_word' id='word_1_152' title='bbox 729 2783 954 2870; x_wconf 76' lang='lat' dir='ltr'><strong>honorabilem</strong></span> <span class='ocrx_word' id='word_1_153' title='bbox 977 2804 1082 2868; x_wconf 86' lang='lat' dir='ltr'><strong>virum</strong></span> <span class='ocrx_word' id='word_1_154' title='bbox 1116 2804 1206 2888; x_wconf 85' lang='lat' dir='ltr'><strong>Mag.</strong></span> <span class='ocrx_word' id='word_1_155' title='bbox 1229 2805 1357 2872; x_wconf 71' lang='grc'><strong>1011011-</strong></span> 
     </span>
     <span class='ocr_line' id='line_1_23' title="bbox 168 2909 1359 2998; baseline 0.007 -26"><span class='ocrx_word' id='word_1_156' title='bbox 168 2931 250 2974; x_wconf 89' lang='lat' dir='ltr'><strong>nem</strong></span> <span class='ocrx_word' id='word_1_157' title='bbox 275 2909 315 2975; x_wconf 89' lang='lat' dir='ltr'><strong>de</strong></span> <span class='ocrx_word' id='word_1_158' title='bbox 338 2911 490 2998; x_wconf 88' lang='lat' dir='ltr'><strong>Kolperg</strong></span> <span class='ocrx_word' id='word_1_159' title='bbox 514 2935 623 2978; x_wconf 88' lang='lat' dir='ltr'><strong>coram</strong></span> <span class='ocrx_word' id='word_1_160' title='bbox 648 2912 833 2978; x_wconf 85' lang='lat' dir='ltr'><strong>honorabili</strong></span> <span class='ocrx_word' id='word_1_161' title='bbox 856 2917 889 2975; x_wconf 88' lang='grc'><strong>01</strong></span> <span class='ocrx_word' id='word_1_162' title='bbox 913 2912 1043 2994; x_wconf 89' lang='grc'><strong>0310310</strong></span> <span class='ocrx_word' id='word_1_163' title='bbox 1066 2912 1136 2977; x_wconf 83' lang='lat' dir='ltr'><strong>viro</strong></span> <span class='ocrx_word' id='word_1_164' title='bbox 1158 2912 1250 2998; x_wconf 88' lang='lat' dir='ltr'><strong>Mag.</strong></span> <span class='ocrx_word' id='word_1_165' title='bbox 1273 2913 1359 2980; x_wconf 78' lang='lat' dir='ltr'><strong>(lon-</strong></span> 
     </span>
    </p>

    <p class='ocr_par' dir='ltr' id='par_1_7' title="bbox 167 3014 1360 3536">
     <span class='ocr_line' id='line_1_24' title="bbox 168 3014 1359 3106; baseline 0.005 -25"><span class='ocrx_word' id='word_1_166' title='bbox 168 3019 277 3083; x_wconf 83' lang='grc'><strong>100110</strong></span> <span class='ocrx_word' id='word_1_167' title='bbox 294 3014 331 3103; x_wconf 88' lang='grc' dir='ltr'><strong>(Ι)</strong></span> <span class='ocrx_word' id='word_1_168' title='bbox 348 3017 472 3104; x_wconf 85' lang='lat' dir='ltr'><strong>Salder,</strong></span> <span class='ocrx_word' id='word_1_169' title='bbox 489 3026 629 3106; x_wconf 84' lang='lat' dir='ltr'><strong>protunc</strong></span> <span class='ocrx_word' id='word_1_170' title='bbox 644 3027 771 3086; x_wconf 88' lang='lat' dir='ltr'><strong>rectore</strong></span> <span class='ocrx_word' id='word_1_171' title='bbox 788 3019 872 3084; x_wconf 88' lang='lat' dir='ltr'><strong>alma</strong></span> <span class='ocrx_word' id='word_1_172' title='bbox 888 3020 1111 3085; x_wconf 88' lang='lat' dir='ltr'><strong>universitatis</strong></span> <span class='ocrx_word' id='word_1_173' title='bbox 1133 3021 1235 3086; x_wconf 90' lang='lat' dir='ltr'><strong>studii</strong></span> <span class='ocrx_word' id='word_1_174' title='bbox 1246 3021 1359 3087; x_wconf 88' lang='lat' dir='ltr'><strong>Wien-</strong></span> 
     </span>
     <span class='ocr_line' id='line_1_25' title="bbox 168 3125 1360 3212; baseline 0.006 -23"><span class='ocrx_word' id='word_1_175' title='bbox 168 3129 295 3208; x_wconf 86' lang='lat' dir='ltr'><strong>nonsis,</strong></span> <span class='ocrx_word' id='word_1_176' title='bbox 318 3135 352 3194; x_wconf 87' lang='lat' dir='ltr'><strong>et</strong></span> <span class='ocrx_word' id='word_1_177' title='bbox 375 3129 479 3194; x_wconf 86' lang='lat' dir='ltr'><strong>eidem</strong></span> <span class='ocrx_word' id='word_1_178' title='bbox 502 3129 593 3212; x_wconf 85' lang='lat' dir='ltr'><strong>Mag.</strong></span> <span class='ocrx_word' id='word_1_179' title='bbox 616 3127 762 3194; x_wconf 84' lang='lat' dir='ltr'><strong>Johanui</strong></span> <span class='ocrx_word' id='word_1_180' title='bbox 787 3126 981 3209; x_wconf 87' lang='lat' dir='ltr'><strong>resignando</strong></span> <span class='ocrx_word' id='word_1_181' title='bbox 1005 3125 1092 3192; x_wconf 90' lang='lat' dir='ltr'><strong>hona</strong></span> <span class='ocrx_word' id='word_1_182' title='bbox 1115 3129 1259 3194; x_wconf 90' lang='lat' dir='ltr'><strong>nacionis</strong></span> <span class='ocrx_word' id='word_1_183' title='bbox 1284 3131 1360 3196; x_wconf 86' lang='lat' dir='ltr'><strong>dedi</strong></span> 
     </span>
     <span class='ocr_line' id='line_1_26' title="bbox 169 3232 1359 3318; baseline 0.006 -22"><span class='ocrx_word' id='word_1_184' title='bbox 169 3237 190 3296; x_wconf 87' lang='lat'>5</span> <span class='ocrx_word' id='word_1_185' title='bbox 207 3232 360 3300; x_wconf 74' lang='lat' dir='ltr'><strong>tonsuri</strong></span> <span class='ocrx_word' id='word_1_186' title='bbox 376 3233 620 3318; x_wconf 85' lang='lat' dir='ltr'><strong>Hungaricales</strong></span> <span class='ocrx_word' id='word_1_187' title='bbox 636 3242 670 3302; x_wconf 91' lang='grc'><strong>01</strong></span> <span class='ocrx_word' id='word_1_188' title='bbox 687 3239 725 3300; x_wconf 88' lang='grc'><strong>61</strong></span> <span class='ocrx_word' id='word_1_189' title='bbox 739 3234 895 3308; x_wconf 77' lang='lat' dir='ltr'><strong>daucum</strong></span> <span class='ocrx_word' id='word_1_190' title='bbox 905 3233 1049 3318; x_wconf 88' lang='lat' dir='ltr'><strong>quadam</strong></span> <span class='ocrx_word' id='word_1_191' title='bbox 1064 3234 1166 3300; x_wconf 89' lang='lat' dir='ltr'><strong>bursa</strong></span> <span class='ocrx_word' id='word_1_192' title='bbox 1182 3242 1214 3300; x_wconf 88' lang='lat' dir='ltr'><strong>ct</strong></span> <span class='ocrx_word' id='word_1_193' title='bbox 1231 3239 1359 3302; x_wconf 85' lang='lat' dir='ltr'><strong>sacculo</strong></span> 
     </span>
     <span class='ocr_line' id='line_1_27' title="bbox 167 3343 1359 3429; baseline 0.006 -23"><span class='ocrx_word' id='word_1_194' title='bbox 167 3363 284 3426; x_wconf 87' lang='lat' dir='ltr'><strong>parvo,</strong></span> <span class='ocrx_word' id='word_1_195' title='bbox 308 3345 387 3409; x_wconf 85' lang='lat' dir='ltr'><strong>itam</strong></span> <span class='ocrx_word' id='word_1_196' title='bbox 420 3343 565 3410; x_wconf 89' lang='lat' dir='ltr'><strong>ladulam</strong></span> <span class='ocrx_word' id='word_1_197' title='bbox 589 3365 664 3413; x_wconf 93' lang='lat' dir='ltr'><strong>cum</strong></span> <span class='ocrx_word' id='word_1_198' title='bbox 689 3344 816 3410; x_wconf 86' lang='lat' dir='ltr'><strong>duabus</strong></span> <span class='ocrx_word' id='word_1_199' title='bbox 839 3344 928 3423; x_wconf 86' lang='lat' dir='ltr'><strong>seris,</strong></span> <span class='ocrx_word' id='word_1_200' title='bbox 952 3343 1032 3407; x_wconf 88' lang='lat' dir='ltr'><strong>item</strong></span> <span class='ocrx_word' id='word_1_201' title='bbox 1055 3343 1137 3410; x_wconf 88' lang='lat' dir='ltr'><strong>duas</strong></span> <span class='ocrx_word' id='word_1_202' title='bbox 1159 3347 1359 3429; x_wconf 88' lang='lat' dir='ltr'><strong>matriculas,</strong></span> 
     </span>
     <span class='ocr_line' id='line_1_28' title="bbox 167 3451 1358 3536; baseline 0.007 -24"><span class='ocrx_word' id='word_1_203' title='bbox 167 3456 318 3517; x_wconf 83' lang='lat' dir='ltr'><strong>veterem</strong></span> <span class='ocrx_word' id='word_1_204' title='bbox 334 3453 457 3519; x_wconf 90' lang='lat' dir='ltr'><strong>scilicet</strong></span> <span class='ocrx_word' id='word_1_205' title='bbox 467 3458 501 3518; x_wconf 88' lang='grc'><strong>01</strong></span> <span class='ocrx_word' id='word_1_206' title='bbox 509 3475 635 3534; x_wconf 85' lang='lat' dir='ltr'><strong>novam,</strong></span> <span class='ocrx_word' id='word_1_207' title='bbox 644 3453 724 3518; x_wconf 91' lang='lat' dir='ltr'><strong>item</strong></span> <span class='ocrx_word' id='word_1_208' title='bbox 741 3475 884 3536; x_wconf 89' lang='lat' dir='ltr'><strong>pannum</strong></span> <span class='ocrx_word' id='word_1_209' title='bbox 895 3451 1085 3534; x_wconf 82' lang='lat' dir='ltr'><strong>funcralem,</strong></span> <span class='ocrx_word' id='word_1_210' title='bbox 1095 3455 1173 3518; x_wconf 89' lang='lat' dir='ltr'><strong>item</strong></span> <span class='ocrx_word' id='word_1_211' title='bbox 1190 3453 1358 3520; x_wconf 88' lang='lat' dir='ltr'><strong>historiam</strong></span> 
     </span>
    </p>
   </div>
   <div class='ocr_carea' id='block_1_4' title="bbox 169 3559 1358 3645">
    <p class='ocr_par' dir='ltr' id='par_1_8' title="bbox 169 3559 1358 3645">
     <span class='ocr_line' id='line_1_29' title="bbox 169 3559 1358 3645; baseline 0.004 -23"><span class='ocrx_word' id='word_1_212' title='bbox 169 3560 280 3624; x_wconf 88' lang='lat' dir='ltr'><strong>sancti</strong></span> <span class='ocrx_word' id='word_1_213' title='bbox 304 3563 389 3645; x_wconf 89' lang='lat' dir='ltr'><strong>regis</strong></span> <span class='ocrx_word' id='word_1_214' title='bbox 413 3559 571 3639; x_wconf 88' lang='lat' dir='ltr'><strong>Ladislai,</strong></span> <span class='ocrx_word' id='word_1_215' title='bbox 594 3562 672 3625; x_wconf 84' lang='lat' dir='ltr'><strong>item</strong></span> <span class='ocrx_word' id='word_1_216' title='bbox 697 3565 737 3626; x_wconf 79' lang='lat'><strong>25</strong></span> <span class='ocrx_word' id='word_1_217' title='bbox 764 3561 919 3626; x_wconf 88' lang='lat' dir='ltr'><strong>candelas</strong></span> <span class='ocrx_word' id='word_1_218' title='bbox 943 3562 1086 3627; x_wconf 90' lang='lat' dir='ltr'><strong>minores</strong></span> <span class='ocrx_word' id='word_1_219' title='bbox 1110 3565 1187 3627; x_wconf 88' lang='grc'><strong>014</strong></span> <span class='ocrx_word' id='word_1_220' title='bbox 1211 3565 1358 3630; x_wconf 87' lang='lat' dir='ltr'><strong>maiores.</strong></span> 
     </span>
    </p>
   </div>
   <div class='ocr_carea' id='block_1_5' title="bbox 168 3681 1508 4204">
    <p class='ocr_par' dir='ltr' id='par_1_9' title="bbox 169 3681 1360 3880">
     <span class='ocr_line' id='line_1_30' title="bbox 283 3681 1360 3772; baseline 0.006 -24"><span class='ocrx_word' id='word_1_221' title='bbox 283 3681 355 3770; x_wconf 85' lang='lat' dir='ltr'><strong>Ego</strong></span> <span class='ocrx_word' id='word_1_222' title='bbox 379 3686 487 3771; x_wconf 86' lang='lat' dir='ltr'><strong>Mag.</strong></span> <span class='ocrx_word' id='word_1_223' title='bbox 511 3687 747 3752; x_wconf 79' lang='lat' dir='ltr'><strong>Iohannes</strong></span> <span class='ocrx_word' id='word_1_224' title='bbox 776 3686 824 3752; x_wconf 90' lang='lat' dir='ltr'><strong>da</strong></span> <span class='ocrx_word' id='word_1_225' title='bbox 856 3683 1082 3772; x_wconf 80' lang='lat' dir='ltr'><strong>Goltperg</strong></span> <span class='ocrx_word' id='word_1_226' title='bbox 1106 3687 1212 3753; x_wconf 83' lang='grc'><strong>101001</strong></span> <span class='ocrx_word' id='word_1_227' title='bbox 1235 3711 1286 3754; x_wconf 92' lang='lat' dir='ltr'><strong>me</strong></span> <span class='ocrx_word' id='word_1_228' title='bbox 1310 3713 1360 3755; x_wconf 92' lang='lat' dir='ltr'><strong>re-</strong></span> 
     </span>
     <span class='ocr_line' id='line_1_31' title="bbox 169 3793 1119 3880; baseline 0.005 -24"><span class='ocrx_word' id='word_1_229' title='bbox 169 3793 300 3877; x_wconf 85' lang='lat' dir='ltr'><strong>cepisse</strong></span> <span class='ocrx_word' id='word_1_230' title='bbox 324 3797 551 3880; x_wconf 89' lang='lat' dir='ltr'><strong>suprascripta</strong></span> <span class='ocrx_word' id='word_1_231' title='bbox 573 3795 633 3860; x_wconf 92' lang='lat' dir='ltr'><strong>sub</strong></span> <span class='ocrx_word' id='word_1_232' title='bbox 658 3795 764 3860; x_wconf 88' lang='lat' dir='ltr'><strong>forma</strong></span> <span class='ocrx_word' id='word_1_233' title='bbox 787 3799 821 3859; x_wconf 91' lang='lat' dir='ltr'><strong>et</strong></span> <span class='ocrx_word' id='word_1_234' title='bbox 844 3795 896 3860; x_wconf 88' lang='lat' dir='ltr'><strong>die</strong></span> <span class='ocrx_word' id='word_1_235' title='bbox 920 3796 1119 3878; x_wconf 85' lang='lat' dir='ltr'><strong>proscriptis.</strong></span> 
     </span>
    </p>

    <p class='ocr_par' dir='ltr' id='par_1_10' title="bbox 168 3901 1508 4204">
     <span class='ocr_line' id='line_1_32' title="bbox 282 3901 1508 3989; baseline 0.002 -22"><span class='ocrx_word' id='word_1_236' title='bbox 282 3903 355 3986; x_wconf 83' lang='lat' dir='ltr'><strong>Ego</strong></span> <span class='ocrx_word' id='word_1_237' title='bbox 380 3903 470 3988; x_wconf 87' lang='lat' dir='ltr'><strong>Mag.</strong></span> <span class='ocrx_word' id='word_1_238' title='bbox 486 3903 658 3970; x_wconf 84' lang='lat' dir='ltr'><strong>Johannea</strong></span> <span class='ocrx_word' id='word_1_239' title='bbox 675 3903 715 3968; x_wconf 87' lang='lat' dir='ltr'><strong>do</strong></span> <span class='ocrx_word' id='word_1_240' title='bbox 732 3901 904 3988; x_wconf 79' lang='lat' dir='ltr'><strong>Goltparg,</strong></span> <span class='ocrx_word' id='word_1_241' title='bbox 927 3903 1125 3970; x_wconf 88' lang='lat' dir='ltr'><strong>substitutus</strong></span> <span class='ocrx_word' id='word_1_242' title='bbox 1148 3905 1181 3970; x_wconf 89' lang='lat' dir='ltr'><strong>in</strong></span> <span class='ocrx_word' id='word_1_243' title='bbox 1204 3926 1358 3989; x_wconf 86' lang='lat' dir='ltr'><strong>procura·</strong></span> <span class='ocrx_word' id='word_1_244' title='bbox 1379 3912 1426 3968; x_wconf 82' lang='lat' dir='ltr'><strong>fol.</strong></span> <span class='ocrx_word' id='word_1_245' title='bbox 1442 3915 1508 3970; x_wconf 75' lang='lat' dir='ltr'><strong>100b</strong></span> 
     </span>
     <span class='ocr_line' id='line_1_33' title="bbox 168 3995 1503 4130; baseline 0.004 -57"><span class='ocrx_word' id='word_1_246' title='bbox 168 4016 280 4074; x_wconf 89' lang='lat' dir='ltr'><strong>torem</strong></span> <span class='ocrx_word' id='word_1_247' title='bbox 303 4013 450 4078; x_wconf 91' lang='lat' dir='ltr'><strong>nacionis</strong></span> <span class='ocrx_word' id='word_1_248' title='bbox 474 4011 585 4078; x_wconf 87' lang='lat' dir='ltr'><strong>inclito</strong></span> <span class='ocrx_word' id='word_1_249' title='bbox 608 4011 782 4096; x_wconf 89' lang='lat' dir='ltr'><strong>Huugarie</strong></span> <span class='ocrx_word' id='word_1_250' title='bbox 798 4011 900 4076; x_wconf 88' lang='lat' dir='ltr'><strong>tercio</strong></span> <span class='ocrx_word' id='word_1_251' title='bbox 917 4010 1059 4076; x_wconf 82' lang='lat' dir='ltr'><strong>dicante</strong></span> <span class='ocrx_word' id='word_1_252' title='bbox 1076 4009 1195 4076; x_wconf 86' lang='lat' dir='ltr'><strong>festum</strong></span> <span class='ocrx_word' id='word_1_253' title='bbox 1211 4011 1359 4097; x_wconf 87' lang='lat' dir='ltr'><strong>Virginis</strong></span> <span class='ocrx_word' id='word_1_254' title='bbox 1383 3995 1503 4130; x_wconf 36' lang='grc' dir='ltr'><strong>ωξὲᾟ.</strong></span> 
     </span>
     <span class='ocr_line' id='line_1_34' title="bbox 169 4117 1360 4204; baseline 0.006 -24"><span class='ocrx_word' id='word_1_255' title='bbox 169 4117 315 4200; x_wconf 89' lang='lat' dir='ltr'><strong>gloriose</strong></span> <span class='ocrx_word' id='word_1_256' title='bbox 339 4118 599 4204; x_wconf 85' lang='lat' dir='ltr'><strong>Assumpoionis,</strong></span> <span class='ocrx_word' id='word_1_257' title='bbox 623 4121 657 4185; x_wconf 93' lang='lat' dir='ltr'><strong>in</strong></span> <span class='ocrx_word' id='word_1_258' title='bbox 687 4121 857 4204; x_wconf 90' lang='lat' dir='ltr'><strong>presencia</strong></span> <span class='ocrx_word' id='word_1_259' title='bbox 880 4118 1074 4186; x_wconf 80' lang='lat' dir='ltr'><strong>uenerabilis</strong></span> <span class='ocrx_word' id='word_1_260' title='bbox 1098 4123 1131 4184; x_wconf 88' lang='grc'><strong>01</strong></span> <span class='ocrx_word' id='word_1_261' title='bbox 1153 4122 1275 4204; x_wconf 90' lang='lat' dir='ltr'><strong>egregii</strong></span> <span class='ocrx_word' id='word_1_262' title='bbox 1299 4123 1360 4198; x_wconf 82' lang='lat' dir='ltr'><strong>viri</strong></span> 
     </span>
    </p>
   </div>
   <div class='ocr_carea' id='block_1_6' title="bbox 168 4334 1361 4748">
    <p class='ocr_par' dir='ltr' id='par_1_11' title="bbox 168 4334 1361 4748">
     <span class='ocr_line' id='line_1_35' title="bbox 169 4334 1361 4418; baseline 0 -17"><span class='ocrx_word' id='word_1_263' title='bbox 169 4335 262 4401; x_wconf 90' lang='lat' dir='ltr'><strong>bona</strong></span> <span class='ocrx_word' id='word_1_264' title='bbox 285 4336 433 4401; x_wconf 86' lang='lat' dir='ltr'><strong>nacionis</strong></span> <span class='ocrx_word' id='word_1_265' title='bbox 457 4336 533 4401; x_wconf 89' lang='lat' dir='ltr'><strong>dedi</strong></span> <span class='ocrx_word' id='word_1_266' title='bbox 556 4336 736 4402; x_wconf 84' lang='lat' dir='ltr'><strong>venerabili</strong></span> <span class='ocrx_word' id='word_1_267' title='bbox 760 4337 829 4400; x_wconf 84' lang='lat' dir='ltr'><strong>viro</strong></span> <span class='ocrx_word' id='word_1_268' title='bbox 852 4335 942 4418; x_wconf 87' lang='lat' dir='ltr'><strong>Mag.</strong></span> <span class='ocrx_word' id='word_1_269' title='bbox 966 4334 1150 4400; x_wconf 87' lang='lat' dir='ltr'><strong>Laurancio</strong></span> <span class='ocrx_word' id='word_1_270' title='bbox 1174 4335 1214 4399; x_wconf 84' lang='lat' dir='ltr'><strong>(le</strong></span> <span class='ocrx_word' id='word_1_271' title='bbox 1238 4335 1361 4401; x_wconf 88' lang='lat' dir='ltr'><strong>Krom-</strong></span> 
     </span>
     <span class='ocr_line' id='line_1_36' title="bbox 168 4443 1360 4530; baseline -0.001 -21"><span class='ocrx_word' id='word_1_272' title='bbox 168 4445 258 4530; x_wconf 89' lang='lat' dir='ltr'><strong>pach</strong></span> <span class='ocrx_word' id='word_1_273' title='bbox 289 4443 421 4511; x_wconf 91' lang='lat' dir='ltr'><strong>bursam</strong></span> <span class='ocrx_word' id='word_1_274' title='bbox 445 4467 519 4510; x_wconf 91' lang='lat' dir='ltr'><strong>cum</strong></span> <span class='ocrx_word' id='word_1_275' title='bbox 551 4446 680 4512; x_wconf 90' lang='lat' dir='ltr'><strong>sacculo</strong></span> <span class='ocrx_word' id='word_1_276' title='bbox 712 4445 807 4526; x_wconf 88' lang='lat' dir='ltr'><strong>linco,</strong></span> <span class='ocrx_word' id='word_1_277' title='bbox 832 4443 1052 4510; x_wconf 86' lang='lat' dir='ltr'><strong>continentem</strong></span> <span class='ocrx_word' id='word_1_278' title='bbox 1077 4448 1095 4508; x_wconf 82' lang='lat'><strong>5</strong></span> <span class='ocrx_word' id='word_1_279' title='bbox 1121 4443 1193 4510; x_wconf 91' lang='lat' dir='ltr'><strong>flor.</strong></span> <span class='ocrx_word' id='word_1_280' title='bbox 1218 4443 1360 4528; x_wconf 88' lang='lat' dir='ltr'><strong>ngari-</strong></span> 
     </span>
     <span class='ocr_line' id='line_1_37' title="bbox 168 4550 1360 4638; baseline -0.003 -18"><span class='ocrx_word' id='word_1_281' title='bbox 168 4553 260 4620; x_wconf 86' lang='lat' dir='ltr'><strong>cales</strong></span> <span class='ocrx_word' id='word_1_282' title='bbox 293 4555 368 4619; x_wconf 90' lang='lat' dir='ltr'><strong>auri</strong></span> <span class='ocrx_word' id='word_1_283' title='bbox 400 4553 477 4620; x_wconf 90' lang='lat' dir='ltr'><strong>boni</strong></span> <span class='ocrx_word' id='word_1_284' title='bbox 511 4560 545 4619; x_wconf 92' lang='grc'><strong>01</strong></span> <span class='ocrx_word' id='word_1_285' title='bbox 576 4554 747 4638; x_wconf 87' lang='lat' dir='ltr'><strong>ponderosi</strong></span> <span class='ocrx_word' id='word_1_286' title='bbox 776 4557 876 4619; x_wconf 83' lang='grc'><strong>0173</strong></span> <span class='ocrx_word' id='word_1_287' title='bbox 902 4553 1084 4634; x_wconf 72' lang='lat' dir='ltr'><strong>domitam</strong></span> <span class='ocrx_word' id='word_1_288' title='bbox 1117 4550 1261 4616; x_wconf 91' lang='lat' dir='ltr'><strong>ladulam</strong></span> <span class='ocrx_word' id='word_1_289' title='bbox 1286 4573 1360 4616; x_wconf 90' lang='lat' dir='ltr'><strong>cum</strong></span> 
     </span>
     <span class='ocr_line' id='line_1_38' title="bbox 168 4660 1358 4748; baseline -0.004 -20"><span class='ocrx_word' id='word_1_290' title='bbox 168 4661 303 4728; x_wconf 88' lang='lat' dir='ltr'><strong>duabus</strong></span> <span class='ocrx_word' id='word_1_291' title='bbox 327 4663 416 4744; x_wconf 89' lang='lat' dir='ltr'><strong>seris,</strong></span> <span class='ocrx_word' id='word_1_292' title='bbox 440 4663 518 4728; x_wconf 86' lang='lat' dir='ltr'><strong>item</strong></span> <span class='ocrx_word' id='word_1_293' title='bbox 543 4662 626 4727; x_wconf 88' lang='lat' dir='ltr'><strong>duas</strong></span> <span class='ocrx_word' id='word_1_294' title='bbox 649 4662 848 4740; x_wconf 79' lang='lat' dir='ltr'><strong>matriculae,</strong></span> <span class='ocrx_word' id='word_1_295' title='bbox 871 4683 988 4726; x_wconf 84' lang='lat' dir='ltr'><strong>novam</strong></span> <span class='ocrx_word' id='word_1_296' title='bbox 1012 4660 1137 4725; x_wconf 90' lang='lat' dir='ltr'><strong>scilicet</strong></span> <span class='ocrx_word' id='word_1_297' title='bbox 1159 4665 1192 4724; x_wconf 93' lang='lat' dir='ltr'><strong>ct</strong></span> <span class='ocrx_word' id='word_1_298' title='bbox 1208 4664 1358 4748; x_wconf 85' lang='lat' dir='ltr'><strong>veterem,</strong></span> 
     </span>
    </p>
   </div>
   <div class='ocr_carea' id='block_1_7' title="bbox 0 0 1672 5322">
    <p class='ocr_par' dir='ltr' id='par_1_12' title="bbox 0 0 1672 5322">
     <span class='ocr_line' id='line_1_39' title="bbox 0 0 1672 5322; baseline 0 1"><span class='ocrx_word' id='word_1_299' title='bbox 0 0 1672 5322; x_wconf 95' lang='lat' dir='ltr'><strong> </strong></span> 
     </span>
    </p>
   </div>
  </div>
 </body>
</html>
