<?xml version="1.0" encoding="UTF-8"?>
<!DOCTYPE html PUBLIC "-//W3C//DTD XHTML 1.0 Transitional//EN"
    "http://www.w3.org/TR/xhtml1/DTD/xhtml1-transitional.dtd">
<html xmlns="http://www.w3.org/1999/xhtml" xml:lang="en" lang="en">
 <head>
  <title>
</title>
<meta http-equiv="Content-Type" content="text/html;charset=utf-8" />
  <meta name='ocr-system' content='tesseract 3.04.00' />
  <meta name='ocr-capabilities' content='ocr_page ocr_carea ocr_par ocr_line ocrx_word'/>
</head>
<body>
  <div class='ocr_page' id='page_1' title='image "./abcsiegyetemmag00akadgoog/abcsiegyetemmag00akadgoog_0427.png"; bbox 0 0 3324 5326; ppageno 0'>
   <div class='ocr_carea' id='block_1_1' title="bbox 342 415 407 477">
    <p class='ocr_par' dir='ltr' id='par_1_1' title="bbox 342 415 407 477">
     <span class='ocr_line' id='line_1_1' title="bbox 342 415 407 477; baseline -0.015 0"><span class='ocrx_word' id='word_1_1' title='bbox 342 415 407 477; x_wconf 88' lang='lat'>316</span> 
     </span>
    </p>
   </div>
   <div class='ocr_carea' id='block_1_2' title="bbox 337 601 1633 694">
    <p class='ocr_par' dir='ltr' id='par_1_2' title="bbox 337 601 1633 694">
     <span class='ocr_line' id='line_1_2' title="bbox 337 601 1633 694; baseline 0.002 -18"><span class='ocrx_word' id='word_1_2' title='bbox 337 613 429 693; x_wconf 88' lang='lat' dir='ltr'>sima,</span> <span class='ocrx_word' id='word_1_3' title='bbox 452 607 577 678; x_wconf 89' lang='lat' dir='ltr'>caelum</span> <span class='ocrx_word' id='word_1_4' title='bbox 610 615 768 694; x_wconf 89' lang='lat' dir='ltr'>perpetuo</span> <span class='ocrx_word' id='word_1_5' title='bbox 800 631 960 690; x_wconf 87' lang='lat' dir='ltr'>serenum,</span> <span class='ocrx_word' id='word_1_6' title='bbox 984 611 1093 678; x_wconf 89' lang='lat' dir='ltr'>nullae</span> <span class='ocrx_word' id='word_1_7' title='bbox 1126 603 1255 694; x_wconf 87' lang='lat' dir='ltr'>pluviae</span> <span class='ocrx_word' id='word_1_8' title='bbox 1288 630 1392 693; x_wconf 85' lang='lat' dir='ltr'>neque</span> <span class='ocrx_word' id='word_1_9' title='bbox 1425 613 1520 678; x_wconf 86' lang='lat' dir='ltr'>venti.</span> <span class='ocrx_word' id='word_1_10' title='bbox 1632 601 1633 610; x_wconf 38' lang='lat'>¹</span> 
     </span>
    </p>
   </div>
   <div class='ocr_carea' id='block_1_3' title="bbox 339 721 1521 920">
    <p class='ocr_par' dir='ltr' id='par_1_3' title="bbox 339 721 1521 920">
     <span class='ocr_line' id='line_1_3' title="bbox 339 721 1520 812; baseline 0.003 -24"><span class='ocrx_word' id='word_1_11' title='bbox 339 721 462 794; x_wconf 84' lang='lat' dir='ltr'>Fontes</span> <span class='ocrx_word' id='word_1_12' title='bbox 478 731 512 792; x_wconf 88' lang='lat' dir='ltr'>et</span> <span class='ocrx_word' id='word_1_13' title='bbox 527 726 617 792; x_wconf 88' lang='lat' dir='ltr'>fluvii</span> <span class='ocrx_word' id='word_1_14' title='bbox 632 725 764 812; x_wconf 87' lang='lat' dir='ltr'>quidam</span> <span class='ocrx_word' id='word_1_15' title='bbox 784 725 852 792; x_wconf 85' lang='lat' dir='ltr'>fere</span> <span class='ocrx_word' id='word_1_16' title='bbox 868 727 930 792; x_wconf 90' lang='lat' dir='ltr'>toti</span> <span class='ocrx_word' id='word_1_17' title='bbox 947 727 1094 807; x_wconf 86' lang='lat' dir='ltr'>exiccati,</span> <span class='ocrx_word' id='word_1_18' title='bbox 1112 747 1231 808; x_wconf 79' lang='lat' dir='ltr'>magna</span> <span class='ocrx_word' id='word_1_19' title='bbox 1248 724 1360 808; x_wconf 79' lang='lat' dir='ltr'><strong>pabuli</strong></span> <span class='ocrx_word' id='word_1_20' title='bbox 1376 726 1520 809; x_wconf 89' lang='lat' dir='ltr'>penuria.</span> 
     </span>
     <span class='ocr_line' id='line_1_4' title="bbox 447 834 1521 920; baseline 0.002 -18"><span class='ocrx_word' id='word_1_21' title='bbox 447 837 566 906; x_wconf 83' lang='lat' dir='ltr'>Totam</span> <span class='ocrx_word' id='word_1_22' title='bbox 586 839 757 906; x_wconf 88' lang='lat' dir='ltr'>Austriam</span> <span class='ocrx_word' id='word_1_23' title='bbox 769 857 878 903; x_wconf 88' lang='lat' dir='ltr'>mense</span> <span class='ocrx_word' id='word_1_24' title='bbox 895 834 1081 920; x_wconf 83' lang='lat' dir='ltr'>Septembri</span> <span class='ocrx_word' id='word_1_25' title='bbox 1098 835 1399 902; x_wconf 81' lang='lat' dir='ltr'>vehementissimus</span> <span class='ocrx_word' id='word_1_26' title='bbox 1416 841 1521 904; x_wconf 84' lang='lat' dir='ltr'>terrae</span> 
     </span>
    </p>
   </div>
   <div class='ocr_carea' id='block_1_4' title="bbox 206 953 1633 2236">
    <p class='ocr_par' dir='ltr' id='par_1_4' title="bbox 335 953 1522 1586">
     <span class='ocr_line' id='line_1_5' title="bbox 336 953 1521 1040; baseline 0.006 -26"><span class='ocrx_word' id='word_1_27' title='bbox 336 955 453 1032; x_wconf 84' lang='lat' dir='ltr'>metue,</span> <span class='ocrx_word' id='word_1_28' title='bbox 477 975 572 1036; x_wconf 88' lang='lat' dir='ltr'>quem</span> <span class='ocrx_word' id='word_1_29' title='bbox 597 956 631 1018; x_wconf 89' lang='lat' dir='ltr'>et</span> <span class='ocrx_word' id='word_1_30' title='bbox 647 954 679 1020; x_wconf 89' lang='lat' dir='ltr'>in</span> <span class='ocrx_word' id='word_1_31' title='bbox 695 955 1001 1033; x_wconf 87' lang='lat' dir='ltr'>circumiacentibus</span> <span class='ocrx_word' id='word_1_32' title='bbox 1025 955 1198 1040; x_wconf 85' lang='lat' dir='ltr'>prouinciis</span> <span class='ocrx_word' id='word_1_33' title='bbox 1221 953 1318 1020; x_wconf 88' lang='lat' dir='ltr'>multi</span> <span class='ocrx_word' id='word_1_34' title='bbox 1342 964 1521 1036; x_wconf 81' lang='lat' dir='ltr'>senserunt,</span> 
     </span>
     <span class='ocr_line' id='line_1_6' title="bbox 336 1063 1520 1149; baseline 0 -19"><span class='ocrx_word' id='word_1_35' title='bbox 336 1064 527 1149; x_wconf 80' lang='lat' dir='ltr'>gravissime</span> <span class='ocrx_word' id='word_1_36' title='bbox 560 1063 730 1130; x_wconf 79' lang='lat' dir='ltr'><strong>concussit.</strong></span> <span class='ocrx_word' id='word_1_37' title='bbox 762 1063 912 1131; x_wconf 79' lang='lat' dir='ltr'>Viennae</span> <span class='ocrx_word' id='word_1_38' title='bbox 943 1086 1112 1131; x_wconf 87' lang='lat' dir='ltr'>sacrarum</span> <span class='ocrx_word' id='word_1_39' title='bbox 1144 1065 1275 1132; x_wconf 89' lang='lat' dir='ltr'>aedium</span> <span class='ocrx_word' id='word_1_40' title='bbox 1310 1071 1422 1132; x_wconf 87' lang='lat' dir='ltr'>turres</span> <span class='ocrx_word' id='word_1_41' title='bbox 1445 1087 1520 1130; x_wconf 90' lang='lat' dir='ltr'>non·</span> 
     </span>
     <span class='ocr_line' id='line_1_7' title="bbox 335 1173 1520 1258; baseline 0.002 -20"><span class='ocrx_word' id='word_1_42' title='bbox 335 1173 444 1240; x_wconf 85' lang='lat' dir='ltr'>nullae</span> <span class='ocrx_word' id='word_1_43' title='bbox 466 1173 624 1258; x_wconf 83' lang='lat' dir='ltr'>lapideae,</span> <span class='ocrx_word' id='word_1_44' title='bbox 641 1175 834 1258; x_wconf 85' lang='lat' dir='ltr'>praesertim</span> <span class='ocrx_word' id='word_1_45' title='bbox 858 1174 1020 1240; x_wconf 89' lang='lat' dir='ltr'>altissima</span> <span class='ocrx_word' id='word_1_46' title='bbox 1037 1174 1093 1240; x_wconf 91' lang='lat' dir='ltr'>illa</span> <span class='ocrx_word' id='word_1_47' title='bbox 1109 1180 1141 1241; x_wconf 90' lang='lat' dir='ltr'>et</span> <span class='ocrx_word' id='word_1_48' title='bbox 1157 1175 1337 1242; x_wconf 83' lang='lat' dir='ltr'>fortissima</span> <span class='ocrx_word' id='word_1_49' title='bbox 1352 1175 1396 1240; x_wconf 92' lang='lat' dir='ltr'>ad</span> <span class='ocrx_word' id='word_1_50' title='bbox 1413 1175 1520 1240; x_wconf 81' lang='lat' dir='ltr'>divum</span> 
     </span>
     <span class='ocr_line' id='line_1_8' title="bbox 336 1280 1522 1369; baseline 0.001 -21"><span class='ocrx_word' id='word_1_51' title='bbox 336 1280 549 1367; x_wconf 77' lang='lat' dir='ltr'>Stephanum,</span> <span class='ocrx_word' id='word_1_52' title='bbox 574 1283 686 1350; x_wconf 87' lang='lat' dir='ltr'>multis</span> <span class='ocrx_word' id='word_1_53' title='bbox 702 1285 733 1347; x_wconf 92' lang='lat' dir='ltr'>in</span> <span class='ocrx_word' id='word_1_54' title='bbox 758 1283 837 1348; x_wconf 90' lang='lat' dir='ltr'>locis</span> <span class='ocrx_word' id='word_1_55' title='bbox 860 1282 1062 1350; x_wconf 84' lang='lat' dir='ltr'>labefactata</span> <span class='ocrx_word' id='word_1_56' title='bbox 1086 1307 1170 1369; x_wconf 90' lang='lat' dir='ltr'>pene</span> <span class='ocrx_word' id='word_1_57' title='bbox 1194 1285 1345 1366; x_wconf 77' lang='lat' dir='ltr'>concidit,</span> <span class='ocrx_word' id='word_1_58' title='bbox 1369 1291 1404 1351; x_wconf 88' lang='lat' dir='ltr'>et</span> <span class='ocrx_word' id='word_1_59' title='bbox 1427 1284 1522 1350; x_wconf 89' lang='lat' dir='ltr'>hodie</span> 
     </span>
     <span class='ocr_line' id='line_1_9' title="bbox 335 1391 1521 1468; baseline 0.001 -11"><span class='ocrx_word' id='word_1_60' title='bbox 335 1392 443 1458; x_wconf 89' lang='lat' dir='ltr'>adhuc</span> <span class='ocrx_word' id='word_1_61' title='bbox 466 1394 686 1459; x_wconf 85' lang='lat' dir='ltr'>summitatem</span> <span class='ocrx_word' id='word_1_62' title='bbox 711 1393 780 1466; x_wconf 89' lang='lat' dir='ltr'>sius</span> <span class='ocrx_word' id='word_1_63' title='bbox 803 1392 860 1468; x_wconf 87' lang='lat' dir='ltr'>illo</span> <span class='ocrx_word' id='word_1_64' title='bbox 883 1399 975 1458; x_wconf 90' lang='lat' dir='ltr'>motu</span> <span class='ocrx_word' id='word_1_65' title='bbox 999 1399 1167 1459; x_wconf 83' lang='lat' dir='ltr'>curvatam</span> <span class='ocrx_word' id='word_1_66' title='bbox 1190 1395 1302 1464; x_wconf 84' lang='lat' dir='ltr'>videre</span> <span class='ocrx_word' id='word_1_67' title='bbox 1326 1399 1384 1460; x_wconf 85' lang='lat' dir='ltr'>est.</span> <span class='ocrx_word' id='word_1_68' title='bbox 1408 1391 1521 1458; x_wconf 75' lang='lat' dir='ltr'>Turri-</span> 
     </span>
     <span class='ocr_line' id='line_1_10' title="bbox 335 1501 1522 1586; baseline -0.003 -18"><span class='ocrx_word' id='word_1_69' title='bbox 335 1503 427 1569; x_wconf 85' lang='lat' dir='ltr'>culee</span> <span class='ocrx_word' id='word_1_70' title='bbox 443 1503 571 1586; x_wconf 87' lang='lat' dir='ltr'>aliquot</span> <span class='ocrx_word' id='word_1_71' title='bbox 586 1501 632 1568; x_wconf 87' lang='lat' dir='ltr'>illi</span> <span class='ocrx_word' id='word_1_72' title='bbox 649 1503 734 1568; x_wconf 90' lang='lat' dir='ltr'>turri</span> <span class='ocrx_word' id='word_1_73' title='bbox 751 1502 1011 1585; x_wconf 88' lang='lat' dir='ltr'>circumpositae,</span> <span class='ocrx_word' id='word_1_74' title='bbox 1028 1503 1115 1586; x_wconf 89' lang='lat' dir='ltr'>quod</span> <span class='ocrx_word' id='word_1_75' title='bbox 1131 1526 1172 1568; x_wconf 85' lang='lat' dir='ltr'>ex</span> <span class='ocrx_word' id='word_1_76' title='bbox 1187 1524 1226 1568; x_wconf 88' lang='lat' dir='ltr'>ee</span> <span class='ocrx_word' id='word_1_77' title='bbox 1242 1503 1452 1568; x_wconf 87' lang='lat' dir='ltr'>concussione</span> <span class='ocrx_word' id='word_1_78' title='bbox 1469 1501 1522 1566; x_wconf 93' lang='lat' dir='ltr'>de·</span> 
     </span>
    </p>

    <p class='ocr_par' dir='ltr' id='par_1_5' title="bbox 206 1609 1633 2236">
     <span class='ocr_line' id='line_1_11' title="bbox 206 1609 1633 1694; baseline -0.003 -17"><span class='ocrx_word' id='word_1_79' title='bbox 206 1629 209 1638; x_wconf 88' lang='grc'><strong><em>·</em></strong></span> <span class='ocrx_word' id='word_1_80' title='bbox 335 1611 487 1676; x_wconf 90' lang='lat' dir='ltr'>bilitatea</span> <span class='ocrx_word' id='word_1_81' title='bbox 502 1615 535 1676; x_wconf 90' lang='lat' dir='ltr'>st</span> <span class='ocrx_word' id='word_1_82' title='bbox 550 1611 617 1675; x_wconf 89' lang='lat' dir='ltr'>suis</span> <span class='ocrx_word' id='word_1_83' title='bbox 633 1609 769 1676; x_wconf 85' lang='lat' dir='ltr'>nexibus</span> <span class='ocrx_word' id='word_1_84' title='bbox 793 1609 919 1676; x_wconf 88' lang='lat' dir='ltr'>solutae</span> <span class='ocrx_word' id='word_1_85' title='bbox 943 1611 1072 1676; x_wconf 87' lang='lat' dir='ltr'>ruinam</span> <span class='ocrx_word' id='word_1_86' title='bbox 1095 1611 1306 1689; x_wconf 87' lang='lat' dir='ltr'>minarentur,</span> <span class='ocrx_word' id='word_1_87' title='bbox 1331 1615 1446 1694; x_wconf 86' lang='lat' dir='ltr'>postea</span> <span class='ocrx_word' id='word_1_88' title='bbox 1469 1609 1523 1674; x_wconf 91' lang='lat' dir='ltr'>de·</span> <span class='ocrx_word' id='word_1_89' title='bbox 1632 1651 1633 1690; x_wconf 75' lang='lat'>,</span> 
     </span>
     <span class='ocr_line' id='line_1_12' title="bbox 335 1717 1633 1814; baseline -0.002 -30"><span class='ocrx_word' id='word_1_90' title='bbox 335 1721 460 1803; x_wconf 90' lang='lat' dir='ltr'>positae</span> <span class='ocrx_word' id='word_1_91' title='bbox 477 1719 566 1784; x_wconf 92' lang='lat' dir='ltr'>etde</span> <span class='ocrx_word' id='word_1_92' title='bbox 583 1740 665 1783; x_wconf 89' lang='lat' dir='ltr'>novo</span> <span class='ocrx_word' id='word_1_93' title='bbox 682 1717 912 1784; x_wconf 86' lang='lat' dir='ltr'>reaedificatae</span> <span class='ocrx_word' id='word_1_94' title='bbox 940 1718 1214 1784; x_wconf 80' lang='lat' dir='ltr'>fuerunt..Turris</span> <span class='ocrx_word' id='word_1_95' title='bbox 1230 1718 1255 1784; x_wconf 91' lang='lat' dir='ltr'><strong>J</strong></span> <span class='ocrx_word' id='word_1_96' title='bbox 1257 1719 1437 1784; x_wconf 81' lang='lat' dir='ltr'>ascitarum</span> <span class='ocrx_word' id='word_1_97' title='bbox 1454 1721 1523 1782; x_wconf 89' lang='lat' dir='ltr'>tota</span> <span class='ocrx_word' id='word_1_98' title='bbox 1632 1729 1633 1814; x_wconf 59' lang='lat' dir='ltr'><strong>j</strong></span> 
     </span>
     <span class='ocr_line' id='line_1_13' title="bbox 335 1825 1633 1912; baseline -0.002 -20"><span class='ocrx_word' id='word_1_99' title='bbox 335 1828 467 1908; x_wconf 86' lang='lat' dir='ltr'>deiecta,</span> <span class='ocrx_word' id='word_1_100' title='bbox 492 1827 557 1893; x_wconf 90' lang='lat' dir='ltr'>divi</span> <span class='ocrx_word' id='word_1_101' title='bbox 581 1827 753 1894; x_wconf 88' lang='lat' dir='ltr'>Michaelis</span> <span class='ocrx_word' id='word_1_102' title='bbox 777 1849 854 1894; x_wconf 85' lang='lat' dir='ltr'>vero</span> <span class='ocrx_word' id='word_1_103' title='bbox 878 1829 926 1894; x_wconf 89' lang='lat' dir='ltr'>ita</span> <span class='ocrx_word' id='word_1_104' title='bbox 950 1849 1106 1894; x_wconf 88' lang='lat' dir='ltr'>concussa</span> <span class='ocrx_word' id='word_1_105' title='bbox 1136 1833 1217 1910; x_wconf 88' lang='lat' dir='ltr'>erat,</span> <span class='ocrx_word' id='word_1_106' title='bbox 1240 1833 1278 1894; x_wconf 90' lang='lat' dir='ltr'>nt</span> <span class='ocrx_word' id='word_1_107' title='bbox 1302 1832 1431 1912; x_wconf 86' lang='lat' dir='ltr'>partem</span> <span class='ocrx_word' id='word_1_108' title='bbox 1456 1825 1523 1891; x_wconf 88' lang='lat' dir='ltr'>eius</span> <span class='ocrx_word' id='word_1_109' title='bbox 1632 1843 1633 1858; x_wconf 62' lang='lat'>¹</span> 
     </span>
     <span class='ocr_line' id='line_1_14' title="bbox 334 1927 1633 2020; baseline -0.002 -20"><span class='ocrx_word' id='word_1_110' title='bbox 334 1957 434 2020; x_wconf 88' lang='lat' dir='ltr'>supra</span> <span class='ocrx_word' id='word_1_111' title='bbox 457 1937 573 2020; x_wconf 88' lang='lat' dir='ltr'>pinnas</span> <span class='ocrx_word' id='word_1_112' title='bbox 597 1937 799 2017; x_wconf 84' lang='lat' dir='ltr'>eminentem,</span> <span class='ocrx_word' id='word_1_113' title='bbox 825 1958 908 2019; x_wconf 89' lang='lat' dir='ltr'>quae</span> <span class='ocrx_word' id='word_1_114' title='bbox 931 1937 1086 2020; x_wconf 85' lang='lat' dir='ltr'>restabat,</span> <span class='ocrx_word' id='word_1_115' title='bbox 1111 1937 1207 2002; x_wconf 88' lang='lat' dir='ltr'>deiici</span> <span class='ocrx_word' id='word_1_116' title='bbox 1223 1943 1256 2002; x_wconf 90' lang='lat' dir='ltr'>et</span> <span class='ocrx_word' id='word_1_117' title='bbox 1280 1936 1389 2002; x_wconf 88' lang='lat' dir='ltr'>denno</span> <span class='ocrx_word' id='word_1_118' title='bbox 1415 1935 1522 1999; x_wconf 84' lang='lat' dir='ltr'>extrui</span> <span class='ocrx_word' id='word_1_119' title='bbox 1632 1927 1633 1952; x_wconf 62' lang='lat'>¹</span> 
     </span>
     <span class='ocr_line' id='line_1_15' title="bbox 334 2043 1523 2129; baseline -0.002 -21"><span class='ocrx_word' id='word_1_120' title='bbox 334 2065 463 2110; x_wconf 89' lang='lat' dir='ltr'>necesse</span> <span class='ocrx_word' id='word_1_121' title='bbox 486 2043 595 2110; x_wconf 89' lang='lat' dir='ltr'>fuerit.</span> <span class='ocrx_word' id='word_1_122' title='bbox 627 2045 694 2110; x_wconf 89' lang='lat' dir='ltr'>Per</span> <span class='ocrx_word' id='word_1_123' title='bbox 726 2045 925 2128; x_wconf 83' lang='lat' dir='ltr'>provinciam</span> <span class='ocrx_word' id='word_1_124' title='bbox 958 2065 1086 2129; x_wconf 89' lang='lat' dir='ltr'>quoque</span> <span class='ocrx_word' id='word_1_125' title='bbox 1120 2051 1189 2110; x_wconf 87' lang='lat' dir='ltr'>tam</span> <span class='ocrx_word' id='word_1_126' title='bbox 1223 2051 1331 2110; x_wconf 89' lang='lat' dir='ltr'>turres</span> <span class='ocrx_word' id='word_1_127' title='bbox 1365 2049 1398 2108; x_wconf 87' lang='lat' dir='ltr'>et</span> <span class='ocrx_word' id='word_1_128' title='bbox 1431 2063 1523 2107; x_wconf 87' lang='lat' dir='ltr'>arces</span> 
     </span>
     <span class='ocr_line' id='line_1_16' title="bbox 335 2145 1463 2236; baseline 0 -20"><span class='ocrx_word' id='word_1_129' title='bbox 335 2145 504 2234; x_wconf 89' lang='lat' dir='ltr'>quaedam,</span> <span class='ocrx_word' id='word_1_130' title='bbox 529 2173 627 2235; x_wconf 90' lang='lat' dir='ltr'>quam</span> <span class='ocrx_word' id='word_1_131' title='bbox 651 2151 734 2218; x_wconf 88' lang='lat' dir='ltr'>aliae</span> <span class='ocrx_word' id='word_1_132' title='bbox 758 2151 853 2218; x_wconf 89' lang='lat' dir='ltr'>aedes</span> <span class='ocrx_word' id='word_1_133' title='bbox 878 2153 1055 2218; x_wconf 85' lang='lat' dir='ltr'>maximum</span> <span class='ocrx_word' id='word_1_134' title='bbox 1079 2153 1233 2218; x_wconf 80' lang='lat' dir='ltr'>damnum</span> <span class='ocrx_word' id='word_1_135' title='bbox 1257 2157 1463 2236; x_wconf 84' lang='lat' dir='ltr'>acceperunt</span> 
     </span>
    </p>
   </div>
   <div class='ocr_carea' id='block_1_5' title="bbox 224 811 302 947">
    <p class='ocr_par' dir='ltr' id='par_1_6' title="bbox 224 811 302 947">
     <span class='ocr_line' id='line_1_17' title="bbox 224 811 302 868; baseline 0.013 -12"><span class='ocrx_word' id='word_1_136' title='bbox 224 811 302 868; x_wconf 75' lang='lat' dir='ltr'>racc,</span> 
     </span>
     <span class='ocr_line' id='line_1_18' title="bbox 231 879 302 947; baseline 0.056 -21"><span class='ocrx_word' id='word_1_137' title='bbox 231 879 302 947; x_wconf 88' lang='lat' dir='ltr'>sept.</span> 
     </span>
    </p>
   </div>
   <div class='ocr_carea' id='block_1_6' title="bbox 191 2247 322 2377">
    <p class='ocr_par' dir='ltr' id='par_1_7' title="bbox 191 2247 322 2377">
     <span class='ocr_line' id='line_1_19' title="bbox 191 2247 322 2304; baseline 0 0"><span class='ocrx_word' id='word_1_138' title='bbox 191 2247 239 2304; x_wconf 84' lang='lat' dir='ltr'>fol.</span> <span class='ocrx_word' id='word_1_139' title='bbox 256 2256 322 2304; x_wconf 76' lang='lat'>1³8⁵</span> 
     </span>
     <span class='ocr_line' id='line_1_20' title="bbox 196 2325 308 2377; baseline 0.009 -3"><span class='ocrx_word' id='word_1_140' title='bbox 196 2329 263 2377; x_wconf 82' lang='lat'>1590</span> <span class='ocrx_word' id='word_1_141' title='bbox 280 2325 308 2375; x_wconf 93' lang='lat'>11</span> 
     </span>
    </p>
   </div>
   <div class='ocr_carea' id='block_1_7' title="bbox 335 2273 1523 2683">
    <p class='ocr_par' dir='ltr' id='par_1_8' title="bbox 335 2273 1523 2683">
     <span class='ocr_line' id='line_1_21' title="bbox 444 2273 1523 2361; baseline 0.001 -21"><span class='ocrx_word' id='word_1_142' title='bbox 444 2273 519 2342; x_wconf 85' lang='lat' dir='ltr'>Hoc</span> <span class='ocrx_word' id='word_1_143' title='bbox 534 2299 629 2359; x_wconf 89' lang='lat' dir='ltr'>anno,</span> <span class='ocrx_word' id='word_1_144' title='bbox 645 2279 680 2342; x_wconf 92' lang='lat' dir='ltr'>in</span> <span class='ocrx_word' id='word_1_145' title='bbox 695 2279 878 2344; x_wconf 86' lang='lat' dir='ltr'>mutatione</span> <span class='ocrx_word' id='word_1_146' title='bbox 895 2278 1045 2361; x_wconf 85' lang='lat' dir='ltr'>hyemali,</span> <span class='ocrx_word' id='word_1_147' title='bbox 1062 2301 1102 2344; x_wconf 87' lang='lat' dir='ltr'>ex</span> <span class='ocrx_word' id='word_1_148' title='bbox 1117 2277 1285 2344; x_wconf 88' lang='lat' dir='ltr'>Rhenensi</span> <span class='ocrx_word' id='word_1_149' title='bbox 1301 2278 1434 2342; x_wconf 91' lang='lat' dir='ltr'>natione</span> <span class='ocrx_word' id='word_1_150' title='bbox 1450 2298 1523 2360; x_wconf 91' lang='lat' dir='ltr'>pro-</span> 
     </span>
     <span class='ocr_line' id='line_1_22' title="bbox 337 2384 1523 2478; baseline -0.002 -28"><span class='ocrx_word' id='word_1_151' title='bbox 337 2391 471 2452; x_wconf 89' lang='lat' dir='ltr'>curator</span> <span class='ocrx_word' id='word_1_152' title='bbox 486 2386 529 2478; x_wconf 88' lang='lat' dir='ltr'>ad</span> <span class='ocrx_word' id='word_1_153' title='bbox 545 2385 630 2452; x_wconf 87' lang='lat' dir='ltr'>hanc</span> <span class='ocrx_word' id='word_1_154' title='bbox 652 2388 819 2452; x_wconf 89' lang='lat' dir='ltr'>nationem</span> <span class='ocrx_word' id='word_1_155' title='bbox 843 2385 1072 2470; x_wconf 86' lang='lat' dir='ltr'>Hungaricam</span> <span class='ocrx_word' id='word_1_156' title='bbox 1095 2385 1281 2470; x_wconf 88' lang='lat' dir='ltr'>postulatus</span> <span class='ocrx_word' id='word_1_157' title='bbox 1297 2384 1360 2450; x_wconf 87' lang='lat' dir='ltr'>fuit</span> <span class='ocrx_word' id='word_1_158' title='bbox 1375 2405 1523 2450; x_wconf 84' lang='lat' dir='ltr'>reveren-</span> 
     </span>
     <span class='ocr_line' id='line_1_23' title="bbox 336 2491 1522 2576; baseline -0.001 -19"><span class='ocrx_word' id='word_1_159' title='bbox 336 2492 397 2558; x_wconf 90' lang='lat' dir='ltr'>dus</span> <span class='ocrx_word' id='word_1_160' title='bbox 422 2491 526 2560; x_wconf 88' lang='lat' dir='ltr'>Pater</span> <span class='ocrx_word' id='word_1_161' title='bbox 550 2492 805 2560; x_wconf 73' lang='lat' dir='ltr'>Christianus</span> <span class='ocrx_word' id='word_1_162' title='bbox 840 2491 1063 2576; x_wconf 88' lang='lat' dir='ltr'>Numicius,</span> <span class='ocrx_word' id='word_1_163' title='bbox 1089 2497 1316 2560; x_wconf 85' lang='lat' dir='ltr'>sacrosanctae</span> <span class='ocrx_word' id='word_1_164' title='bbox 1340 2491 1522 2574; x_wconf 79' lang='lat' dir='ltr'>theologiae</span> 
     </span>
     <span class='ocr_line' id='line_1_24' title="bbox 335 2589 1523 2683; baseline 0 -19"><span class='ocrx_word' id='word_1_165' title='bbox 335 2599 450 2666; x_wconf 89' lang='lat' dir='ltr'>doctor</span> <span class='ocrx_word' id='word_1_166' title='bbox 469 2589 535 2667; x_wconf 88' lang='lat' dir='ltr'>etc.</span> <span class='ocrx_word' id='word_1_167' title='bbox 551 2598 616 2668; x_wconf 79' lang='lat' dir='ltr'>Sed</span> <span class='ocrx_word' id='word_1_168' title='bbox 633 2605 666 2666; x_wconf 91' lang='lat' dir='ltr'>et</span> <span class='ocrx_word' id='word_1_169' title='bbox 688 2601 784 2667; x_wconf 90' lang='lat' dir='ltr'>huius</span> <span class='ocrx_word' id='word_1_170' title='bbox 808 2601 1038 2668; x_wconf 89' lang='lat' dir='ltr'>desiderantur</span> <span class='ocrx_word' id='word_1_171' title='bbox 1054 2607 1137 2668; x_wconf 84' lang='lat' dir='ltr'>acta.</span> <span class='ocrx_word' id='word_1_172' title='bbox 1154 2600 1296 2678; x_wconf 89' lang='lat' dir='ltr'>Nomina</span> <span class='ocrx_word' id='word_1_173' title='bbox 1313 2621 1372 2666; x_wconf 87' lang='lat' dir='ltr'>sua</span> <span class='ocrx_word' id='word_1_174' title='bbox 1389 2601 1446 2683; x_wconf 90' lang='lat' dir='ltr'>qui</span> <span class='ocrx_word' id='word_1_175' title='bbox 1463 2599 1523 2664; x_wconf 88' lang='lat' dir='ltr'>hoc</span> 
     </span>
    </p>
   </div>
   <div class='ocr_carea' id='block_1_8' title="bbox 323 2703 1523 2792">
    <p class='ocr_par' dir='ltr' id='par_1_9' title="bbox 323 2703 1523 2792">
     <span class='ocr_line' id='line_1_25' title="bbox 323 2703 1523 2792; baseline -0.002 -20"><span class='ocrx_word' id='word_1_176' title='bbox 323 2709 485 2773; x_wconf 83' lang='lat' dir='ltr'>&#39;semestri</span> <span class='ocrx_word' id='word_1_177' title='bbox 508 2709 541 2772; x_wconf 91' lang='lat' dir='ltr'>in</span> <span class='ocrx_word' id='word_1_178' title='bbox 561 2707 672 2775; x_wconf 91' lang='lat' dir='ltr'>album</span> <span class='ocrx_word' id='word_1_179' title='bbox 688 2709 784 2774; x_wconf 87' lang='lat' dir='ltr'>huius</span> <span class='ocrx_word' id='word_1_180' title='bbox 799 2709 941 2787; x_wconf 82' lang='lat' dir='ltr'>nationis</span> <span class='ocrx_word' id='word_1_181' title='bbox 958 2709 1116 2788; x_wconf 87' lang='lat' dir='ltr'>dederint,</span> <span class='ocrx_word' id='word_1_182' title='bbox 1134 2709 1207 2774; x_wconf 83' lang='lat' dir='ltr'>ride</span> <span class='ocrx_word' id='word_1_183' title='bbox 1223 2729 1323 2792; x_wconf 88' lang='lat' dir='ltr'>supra</span> <span class='ocrx_word' id='word_1_184' title='bbox 1340 2707 1393 2774; x_wconf 89' lang='lat' dir='ltr'>fol.</span> <span class='ocrx_word' id='word_1_185' title='bbox 1411 2711 1473 2772; x_wconf 89' lang='lat'>131</span> <span class='ocrx_word' id='word_1_186' title='bbox 1489 2703 1523 2788; x_wconf 80' lang='lat'>¹).</span> 
     </span>
    </p>
   </div>
   <div class='ocr_carea' id='block_1_9' title="bbox 202 2829 1630 4531">
    <p class='ocr_par' dir='ltr' id='par_1_10' title="bbox 202 2829 1630 4531">
     <span class='ocr_line' id='line_1_26' title="bbox 202 2829 1522 2900; baseline 0.001 -4"><span class='ocrx_word' id='word_1_187' title='bbox 202 2829 303 2880; x_wconf 77' lang='lat'><strong>¹⁵⁹11</strong></span> <span class='ocrx_word' id='word_1_188' title='bbox 441 2831 527 2898; x_wconf 78' lang='lat' dir='ltr'>Acta</span> <span class='ocrx_word' id='word_1_189' title='bbox 558 2839 593 2898; x_wconf 90' lang='lat' dir='ltr'>et</span> <span class='ocrx_word' id='word_1_190' title='bbox 624 2835 771 2899; x_wconf 87' lang='lat' dir='ltr'>rationes</span> <span class='ocrx_word' id='word_1_191' title='bbox 810 2831 911 2900; x_wconf 87' lang='lat' dir='ltr'>Viti</span> <span class='ocrx_word' id='word_1_192' title='bbox 949 2830 1212 2900; x_wconf 90' lang='lat' dir='ltr'>Schiesseri</span> <span class='ocrx_word' id='word_1_193' title='bbox 1245 2833 1522 2900; x_wconf 87' lang='lat' dir='ltr'>Neodiciani</span> 
     </span>
     <span class='ocr_line' id='line_1_27' title="bbox 334 2939 1522 3027; baseline 0.002 -23"><span class='ocrx_word' id='word_1_194' title='bbox 334 2939 524 3019; x_wconf 90' lang='lat' dir='ltr'>Bohemi,</span> <span class='ocrx_word' id='word_1_195' title='bbox 571 2943 693 3006; x_wconf 86' lang='lat' dir='ltr'>artium</span> <span class='ocrx_word' id='word_1_196' title='bbox 740 2939 925 3006; x_wconf 86' lang='lat' dir='ltr'>liberalium</span> <span class='ocrx_word' id='word_1_197' title='bbox 963 2947 996 3006; x_wconf 91' lang='lat' dir='ltr'>et</span> <span class='ocrx_word' id='word_1_198' title='bbox 1032 2940 1255 3027; x_wconf 84' lang='lat' dir='ltr'>philosophiae</span> <span class='ocrx_word' id='word_1_199' title='bbox 1299 2943 1449 3024; x_wconf 88' lang='lat' dir='ltr'>magistri</span> <span class='ocrx_word' id='word_1_200' title='bbox 1490 2947 1522 3006; x_wconf 90' lang='lat' dir='ltr'>st</span> 
     </span>
     <span class='ocr_line' id='line_1_28' title="bbox 334 3047 1520 3133; baseline 0.002 -21"><span class='ocrx_word' id='word_1_201' title='bbox 334 3047 529 3131; x_wconf 89' lang='lat' dir='ltr'>professoris</span> <span class='ocrx_word' id='word_1_202' title='bbox 553 3070 592 3114; x_wconf 89' lang='lat' dir='ltr'>ac</span> <span class='ocrx_word' id='word_1_203' title='bbox 615 3049 758 3130; x_wconf 76' lang='lat' dir='ltr'>collegae</span> <span class='ocrx_word' id='word_1_204' title='bbox 791 3047 1009 3116; x_wconf 86' lang='lat' dir='ltr'>archiducalis</span> <span class='ocrx_word' id='word_1_205' title='bbox 1041 3048 1179 3133; x_wconf 81' lang='lat' dir='ltr'>collegii,</span> <span class='ocrx_word' id='word_1_206' title='bbox 1202 3049 1315 3132; x_wconf 90' lang='lat' dir='ltr'>quiin</span> <span class='ocrx_word' id='word_1_207' title='bbox 1338 3049 1520 3114; x_wconf 85' lang='lat' dir='ltr'>mutatione</span> 
     </span>
     <span class='ocr_line' id='line_1_29' title="bbox 333 3153 1520 3240; baseline 0.001 -21"><span class='ocrx_word' id='word_1_208' title='bbox 333 3155 482 3220; x_wconf 84' lang='lat' dir='ltr'>aestivali</span> <span class='ocrx_word' id='word_1_209' title='bbox 498 3176 583 3220; x_wconf 92' lang='lat' dir='ltr'>anno</span> <span class='ocrx_word' id='word_1_210' title='bbox 599 3153 768 3222; x_wconf 84' lang='lat' dir='ltr'>MDXCI.</span> <span class='ocrx_word' id='word_1_211' title='bbox 784 3155 926 3238; x_wconf 85' lang='lat' dir='ltr'>inclytae</span> <span class='ocrx_word' id='word_1_212' title='bbox 948 3155 1092 3221; x_wconf 87' lang='lat' dir='ltr'>nationis</span> <span class='ocrx_word' id='word_1_213' title='bbox 1115 3155 1301 3240; x_wconf 84' lang='lat' dir='ltr'>Ungericae</span> <span class='ocrx_word' id='word_1_214' title='bbox 1324 3161 1520 3240; x_wconf 87' lang='lat' dir='ltr'>procurator</span> 
     </span>
     <span class='ocr_line' id='line_1_30' title="bbox 332 3261 1307 3354; baseline 0 -28"><span class='ocrx_word' id='word_1_215' title='bbox 332 3263 415 3328; x_wconf 88' lang='lat' dir='ltr'>rotis</span> <span class='ocrx_word' id='word_1_216' title='bbox 440 3261 665 3329; x_wconf 91' lang='lat' dir='ltr'>communibus</span> <span class='ocrx_word' id='word_1_217' title='bbox 688 3263 753 3328; x_wconf 82' lang='lat' dir='ltr'>fuit</span> <span class='ocrx_word' id='word_1_218' title='bbox 775 3263 906 3328; x_wconf 90' lang='lat' dir='ltr'>electus.</span> <span class='ocrx_word' id='word_1_219' title='bbox 1306 3346 1307 3354; x_wconf 8' lang='grc' dir='ltr'>ἵ</span> 
     </span>
     <span class='ocr_line' id='line_1_31' title="bbox 439 3359 1518 3439; baseline 0.001 -5"><span class='ocrx_word' id='word_1_220' title='bbox 439 3367 553 3434; x_wconf 89' lang='lat' dir='ltr'>Primo</span> <span class='ocrx_word' id='word_1_221' title='bbox 576 3368 618 3434; x_wconf 91' lang='lat' dir='ltr'>ab</span> <span class='ocrx_word' id='word_1_222' title='bbox 642 3374 848 3436; x_wconf 89' lang='lat' dir='ltr'>antecessore</span> <span class='ocrx_word' id='word_1_223' title='bbox 880 3391 951 3439; x_wconf 88' lang='lat' dir='ltr'>meo</span> <span class='ocrx_word' id='word_1_224' title='bbox 975 3367 1154 3436; x_wconf 87' lang='lat' dir='ltr'>reverendo</span> <span class='ocrx_word' id='word_1_225' title='bbox 1178 3369 1273 3434; x_wconf 91' lang='lat' dir='ltr'>Dom.</span> <span class='ocrx_word' id='word_1_226' title='bbox 1297 3359 1401 3434; x_wconf 89' lang='lat' dir='ltr'>Patre</span> <span class='ocrx_word' id='word_1_227' title='bbox 1424 3367 1518 3435; x_wconf 87' lang='lat' dir='ltr'>Ohri-</span> 
     </span>
     <span class='ocr_line' id='line_1_32' title="bbox 332 3475 1518 3562; baseline -0.002 -20"><span class='ocrx_word' id='word_1_228' title='bbox 332 3478 438 3542; x_wconf 89' lang='lat' dir='ltr'>stiano</span> <span class='ocrx_word' id='word_1_229' title='bbox 462 3476 630 3542; x_wconf 84' lang='lat' dir='ltr'>Numitaio</span> <span class='ocrx_word' id='word_1_230' title='bbox 653 3475 785 3542; x_wconf 86' lang='lat' dir='ltr'>Jesuite</span> <span class='ocrx_word' id='word_1_231' title='bbox 815 3477 897 3542; x_wconf 93' lang='lat' dir='ltr'>nihil</span> <span class='ocrx_word' id='word_1_232' title='bbox 920 3479 1039 3562; x_wconf 90' lang='lat' dir='ltr'>accepi.</span> <span class='ocrx_word' id='word_1_233' title='bbox 1062 3477 1275 3542; x_wconf 88' lang='lat' dir='ltr'>Matricnlam</span> <span class='ocrx_word' id='word_1_234' title='bbox 1300 3497 1373 3542; x_wconf 89' lang='lat' dir='ltr'>cum</span> <span class='ocrx_word' id='word_1_235' title='bbox 1397 3479 1440 3541; x_wconf 87' lang='lat'>46</span> <span class='ocrx_word' id='word_1_236' title='bbox 1467 3499 1518 3556; x_wconf 83' lang='lat' dir='ltr'>cr,</span> 
     </span>
     <span class='ocr_line' id='line_1_33' title="bbox 333 3583 1519 3668; baseline -0.002 -18"><span class='ocrx_word' id='word_1_237' title='bbox 333 3585 453 3650; x_wconf 64' lang='lat' dir='ltr'>balbis</span> <span class='ocrx_word' id='word_1_238' title='bbox 476 3585 583 3656; x_wconf 86' lang='lat' dir='ltr'>numia</span> <span class='ocrx_word' id='word_1_239' title='bbox 599 3605 620 3648; x_wconf 89' lang='lat' dir='ltr'>a</span> <span class='ocrx_word' id='word_1_240' title='bbox 636 3584 815 3650; x_wconf 89' lang='lat' dir='ltr'>clarissimo</span> <span class='ocrx_word' id='word_1_241' title='bbox 839 3584 934 3651; x_wconf 94' lang='lat' dir='ltr'>Dom.</span> <span class='ocrx_word' id='word_1_242' title='bbox 957 3583 1097 3652; x_wconf 88' lang='lat' dir='ltr'>Andrea</span> <span class='ocrx_word' id='word_1_243' title='bbox 1119 3584 1260 3668; x_wconf 86' lang='lat' dir='ltr'>Nigrino</span> <span class='ocrx_word' id='word_1_244' title='bbox 1283 3589 1453 3667; x_wconf 77' lang='lat' dir='ltr'>acceptam</span> <span class='ocrx_word' id='word_1_245' title='bbox 1476 3583 1519 3650; x_wconf 89' lang='lat' dir='ltr'>ad</span> 
     </span>
     <span class='ocr_line' id='line_1_34' title="bbox 331 3689 1518 3777; baseline -0.002 -19"><span class='ocrx_word' id='word_1_246' title='bbox 331 3714 383 3758; x_wconf 88' lang='lat' dir='ltr'>me</span> <span class='ocrx_word' id='word_1_247' title='bbox 406 3691 635 3777; x_wconf 84' lang='lat' dir='ltr'>perferendam</span> <span class='ocrx_word' id='word_1_248' title='bbox 659 3694 779 3758; x_wconf 84' lang='lat' dir='ltr'>curavi.</span> <span class='ocrx_word' id='word_1_249' title='bbox 803 3689 868 3776; x_wconf 81' lang='lat' dir='ltr'>Qui</span> <span class='ocrx_word' id='word_1_250' title='bbox 891 3693 952 3759; x_wconf 91' lang='lat' dir='ltr'>hoc</span> <span class='ocrx_word' id='word_1_251' title='bbox 975 3695 1123 3760; x_wconf 88' lang='lat' dir='ltr'>semestri</span> <span class='ocrx_word' id='word_1_252' title='bbox 1145 3694 1180 3758; x_wconf 93' lang='lat' dir='ltr'>in</span> <span class='ocrx_word' id='word_1_253' title='bbox 1202 3691 1413 3758; x_wconf 86' lang='lat' dir='ltr'>matriculam</span> <span class='ocrx_word' id='word_1_254' title='bbox 1435 3693 1518 3758; x_wconf 91' lang='lat' dir='ltr'>hanc</span> 
     </span>
     <span class='ocr_line' id='line_1_35' title="bbox 331 3797 1517 3884; baseline 0.002 -20"><span class='ocrx_word' id='word_1_255' title='bbox 331 3800 478 3884; x_wconf 88' lang='lat' dir='ltr'>inscripti</span> <span class='ocrx_word' id='word_1_256' title='bbox 502 3797 627 3866; x_wconf 85' lang='lat' dir='ltr'>fuerint</span> <span class='ocrx_word' id='word_1_257' title='bbox 650 3806 684 3866; x_wconf 90' lang='lat' dir='ltr'>et</span> <span class='ocrx_word' id='word_1_258' title='bbox 707 3808 867 3883; x_wconf 88' lang='lat' dir='ltr'>quantum</span> <span class='ocrx_word' id='word_1_259' title='bbox 900 3801 1064 3884; x_wconf 84' lang='lat' dir='ltr'>solverint,</span> <span class='ocrx_word' id='word_1_260' title='bbox 1095 3801 1168 3867; x_wconf 86' lang='lat' dir='ltr'>vide</span> <span class='ocrx_word' id='word_1_261' title='bbox 1201 3821 1302 3883; x_wconf 89' lang='lat' dir='ltr'>snpra</span> <span class='ocrx_word' id='word_1_262' title='bbox 1325 3799 1379 3866; x_wconf 87' lang='lat' dir='ltr'>fol.</span> <span class='ocrx_word' id='word_1_263' title='bbox 1407 3803 1517 3882; x_wconf 81' lang='lat'>131¹).</span> 
     </span>
     <span class='ocr_line' id='line_1_36' title="bbox 440 3903 1517 3991; baseline 0.002 -20"><span class='ocrx_word' id='word_1_264' title='bbox 440 3912 492 3972; x_wconf 81' lang='lat'>26.</span> <span class='ocrx_word' id='word_1_265' title='bbox 516 3903 718 3991; x_wconf 85' lang='lat' dir='ltr'>Septembris</span> <span class='ocrx_word' id='word_1_266' title='bbox 742 3908 785 3973; x_wconf 89' lang='lat' dir='ltr'>ad</span> <span class='ocrx_word' id='word_1_267' title='bbox 808 3929 914 3974; x_wconf 87' lang='lat' dir='ltr'>meam</span> <span class='ocrx_word' id='word_1_268' title='bbox 938 3910 1127 3976; x_wconf 87' lang='lat' dir='ltr'>instantiam</span> <span class='ocrx_word' id='word_1_269' title='bbox 1152 3907 1335 3974; x_wconf 86' lang='lat' dir='ltr'>venerabile</span> <span class='ocrx_word' id='word_1_270' title='bbox 1359 3908 1517 3974; x_wconf 88' lang='lat' dir='ltr'>consisto-</span> 
     </span>
     <span class='ocr_line' id='line_1_37' title="bbox 330 4014 1516 4098; baseline 0.001 -18"><span class='ocrx_word' id='word_1_271' title='bbox 330 4015 414 4080; x_wconf 87' lang='lat' dir='ltr'>rium</span> <span class='ocrx_word' id='word_1_272' title='bbox 430 4015 571 4080; x_wconf 86' lang='lat' dir='ltr'>iniunxit</span> <span class='ocrx_word' id='word_1_273' title='bbox 593 4015 755 4082; x_wconf 89' lang='lat' dir='ltr'>Dominae</span> <span class='ocrx_word' id='word_1_274' title='bbox 779 4015 1039 4083; x_wconf 83' lang='lat' dir='ltr'>Koutzhamerin</span> <span class='ocrx_word' id='word_1_275' title='bbox 1063 4016 1254 4082; x_wconf 88' lang='lat' dir='ltr'>solutionem</span> <span class='ocrx_word' id='word_1_276' title='bbox 1274 4014 1516 4098; x_wconf 54' lang='grc' dir='ltr'>1311οτ.,111η</span> 
     </span>
     <span class='ocr_line' id='line_1_38' title="bbox 331 4122 1515 4206; baseline -0.002 -18"><span class='ocrx_word' id='word_1_277' title='bbox 331 4129 365 4188; x_wconf 91' lang='lat' dir='ltr'>et</span> <span class='ocrx_word' id='word_1_278' title='bbox 388 4123 626 4188; x_wconf 88' lang='lat' dir='ltr'>restitutionem</span> <span class='ocrx_word' id='word_1_279' title='bbox 654 4124 808 4206; x_wconf 85' lang='lat' dir='ltr'>antiqua-e</span> <span class='ocrx_word' id='word_1_280' title='bbox 831 4123 1024 4190; x_wconf 88' lang='lat' dir='ltr'>matriculae</span> <span class='ocrx_word' id='word_1_281' title='bbox 1057 4145 1096 4190; x_wconf 91' lang='lat' dir='ltr'>ac</span> <span class='ocrx_word' id='word_1_282' title='bbox 1127 4122 1267 4205; x_wconf 91' lang='lat' dir='ltr'>ladulae,</span> <span class='ocrx_word' id='word_1_283' title='bbox 1300 4143 1385 4205; x_wconf 89' lang='lat' dir='ltr'>quae</span> <span class='ocrx_word' id='word_1_284' title='bbox 1408 4123 1515 4187; x_wconf 88' lang='lat' dir='ltr'>omnia</span> 
     </span>
     <span class='ocr_line' id='line_1_39' title="bbox 330 4229 1515 4315; baseline 0 -21"><span class='ocrx_word' id='word_1_285' title='bbox 330 4229 426 4296; x_wconf 92' lang='lat' dir='ltr'>Dom.</span> <span class='ocrx_word' id='word_1_286' title='bbox 450 4230 574 4296; x_wconf 88' lang='lat' dir='ltr'>Paulus</span> <span class='ocrx_word' id='word_1_287' title='bbox 608 4229 787 4312; x_wconf 84' lang='lat' dir='ltr'>Fabritius,</span> <span class='ocrx_word' id='word_1_288' title='bbox 811 4237 849 4296; x_wconf 91' lang='lat' dir='ltr'>nt</span> <span class='ocrx_word' id='word_1_289' title='bbox 872 4253 930 4298; x_wconf 89' lang='lat' dir='ltr'>sua</span> <span class='ocrx_word' id='word_1_290' title='bbox 953 4253 1068 4298; x_wconf 90' lang='lat' dir='ltr'>manus</span> <span class='ocrx_word' id='word_1_291' title='bbox 1091 4237 1191 4315; x_wconf 89' lang='lat' dir='ltr'>atque</span> <span class='ocrx_word' id='word_1_292' title='bbox 1224 4229 1319 4296; x_wconf 91' lang='lat' dir='ltr'>Dom.</span> <span class='ocrx_word' id='word_1_293' title='bbox 1343 4229 1515 4296; x_wconf 87' lang='lat' dir='ltr'>Laurentii</span> 
     </span>
     <span class='ocr_line' id='line_1_40' title="bbox 331 4338 1630 4422; baseline -0.003 -18"><span class='ocrx_word' id='word_1_294' title='bbox 331 4338 588 4404; x_wconf 88' lang='lat' dir='ltr'>Zimmermanni</span> <span class='ocrx_word' id='word_1_295' title='bbox 611 4339 644 4404; x_wconf 92' lang='lat' dir='ltr'>in</span> <span class='ocrx_word' id='word_1_296' title='bbox 667 4343 783 4402; x_wconf 89' lang='lat' dir='ltr'>nostra</span> <span class='ocrx_word' id='word_1_297' title='bbox 805 4339 979 4404; x_wconf 88' lang='lat' dir='ltr'>matricula</span> <span class='ocrx_word' id='word_1_298' title='bbox 1003 4344 1177 4419; x_wconf 87' lang='lat' dir='ltr'>testantur,</span> <span class='ocrx_word' id='word_1_299' title='bbox 1201 4338 1244 4402; x_wconf 92' lang='lat' dir='ltr'>ad</span> <span class='ocrx_word' id='word_1_300' title='bbox 1259 4359 1294 4403; x_wconf 93' lang='lat' dir='ltr'>se</span> <span class='ocrx_word' id='word_1_301' title='bbox 1309 4343 1443 4422; x_wconf 87' lang='lat' dir='ltr'>recepta</span> <span class='ocrx_word' id='word_1_302' title='bbox 1467 4359 1514 4401; x_wconf 89' lang='lat' dir='ltr'>re·</span> <span class='ocrx_word' id='word_1_303' title='bbox 1629 4357 1630 4360; x_wconf 45' lang='lat'>¹</span> 
     </span>
     <span class='ocr_line' id='line_1_41' title="bbox 330 4445 1514 4531; baseline 0.002 -21"><span class='ocrx_word' id='word_1_304' title='bbox 330 4446 439 4526; x_wconf 88' lang='lat' dir='ltr'>tinuit,</span> <span class='ocrx_word' id='word_1_305' title='bbox 454 4465 514 4510; x_wconf 90' lang='lat' dir='ltr'>nec</span> <span class='ocrx_word' id='word_1_306' title='bbox 530 4445 603 4510; x_wconf 89' lang='lat' dir='ltr'>ullis</span> <span class='ocrx_word' id='word_1_307' title='bbox 620 4451 733 4530; x_wconf 88' lang='lat' dir='ltr'>postea</span> <span class='ocrx_word' id='word_1_308' title='bbox 755 4448 899 4512; x_wconf 88' lang='lat' dir='ltr'>nationis</span> <span class='ocrx_word' id='word_1_309' title='bbox 915 4453 1047 4513; x_wconf 88' lang='lat' dir='ltr'>nostrae</span> <span class='ocrx_word' id='word_1_310' title='bbox 1071 4445 1339 4531; x_wconf 88' lang='lat' dir='ltr'>procuratoribus</span> <span class='ocrx_word' id='word_1_311' title='bbox 1363 4447 1514 4528; x_wconf 86' lang='lat' dir='ltr'>restitnit,</span> 
     </span>
    </p>
   </div>
   <div class='ocr_carea' id='block_1_10' title="bbox 438 4619 765 4758">
    <p class='ocr_par' dir='ltr' id='par_1_11' title="bbox 438 4619 765 4758">
     <span class='ocr_line' id='line_1_42' title="bbox 441 4619 764 4685; baseline 0.006 -11"><span class='ocrx_word' id='word_1_312' title='bbox 441 4625 460 4685; x_wconf 88' lang='lat'>¹)</span> <span class='ocrx_word' id='word_1_313' title='bbox 478 4625 510 4674; x_wconf 74' lang='lat' dir='ltr'>Is.</span> <span class='ocrx_word' id='word_1_314' title='bbox 529 4619 646 4675; x_wconf 81' lang='lat' dir='ltr'>fdntebb</span> <span class='ocrx_word' id='word_1_315' title='bbox 667 4629 726 4676; x_wconf 85' lang='lat'>305.</span> <span class='ocrx_word' id='word_1_316' title='bbox 746 4622 764 4676; x_wconf 89' lang='lat' dir='ltr'>l.</span> 
     </span>
     <span class='ocr_line' id='line_1_43' title="bbox 438 4691 765 4758; baseline 0.009 -13"><span class='ocrx_word' id='word_1_317' title='bbox 438 4697 460 4758; x_wconf 88' lang='lat'>¹)</span> <span class='ocrx_word' id='word_1_318' title='bbox 478 4697 509 4746; x_wconf 75' lang='lat' dir='ltr'>It.</span> <span class='ocrx_word' id='word_1_319' title='bbox 530 4691 646 4748; x_wconf 81' lang='lat' dir='ltr'>fentebb</span> <span class='ocrx_word' id='word_1_320' title='bbox 667 4702 727 4748; x_wconf 80' lang='lat'>305.</span> <span class='ocrx_word' id='word_1_321' title='bbox 747 4695 765 4748; x_wconf 90' lang='lat' dir='ltr'>l.</span> 
     </span>
    </p>
   </div>
   <div class='ocr_carea' id='block_1_11' title="bbox 0 0 1666 5326">
    <p class='ocr_par' dir='ltr' id='par_1_12' title="bbox 0 0 1666 5326">
     <span class='ocr_line' id='line_1_44' title="bbox 0 0 1666 5326; baseline 0 2"><span class='ocrx_word' id='word_1_322' title='bbox 0 0 1666 5326; x_wconf 95' lang='lat' dir='ltr'> </span> 
     </span>
    </p>
   </div>
  </div>
 </body>
</html>
