3324 5326
324 432 411 497 ,342

451 629 594 694 Faciunt
617 629 698 693 haec
732 631 866 710 accepta
899 647 1062 691 unacum
1087 626 1193 691 medio
1217 625 1349 707 floren0,
1381 624 1529 708 superius

344 763 402 825 pro
426 740 585 821 inscripto
609 736 751 822 quodam
774 739 914 820 recepto,
939 740 957 800 2
985 729 1084 818 [recle
1116 729 1152 819 3]
1173 733 1209 825 fl.
1237 742 1253 801 1
1278 735 1327 800 lm.
1351 732 1529 799 Subtracta

344 850 405 922 hac
430 870 556 914 summa
585 847 627 912 ab
651 847 805 930 expositis
829 852 850 910 8
873 845 904 910 fl.
929 851 962 910 et
987 849 1028 910 33
1052 845 1112 926 kr.,
1135 851 1240 912 restat
1264 845 1342 912 mihi
1365 846 1458 911 natio
1482 845 1530 910 in-

344 959 431 1042 clyta
455 957 705 1042 persolvendum
730 961 749 1021 6
776 949 874 1040 [recte
899 951 933 1041 5]
959 955 990 1020 fl.
1015 961 1056 1021 32
1081 954 1130 1020 kr.

450 1067 525 1133 Hoc
549 1088 634 1132 anno
648 1067 681 1131 in
699 1067 950 1150 quadragesima
973 1065 1041 1130 visa
1065 1069 1116 1130 est
1140 1064 1235 1130 stella
1260 1067 1293 1130 in
1317 1064 1423 1130 medio
1448 1066 1529 1131 coeli

342 1177 443 1242 etiam
475 1175 654 1240 meridiano
687 1179 842 1258 tempore.
876 1172 1061 1240 Subsecuta
1084 1177 1134 1238 est
1158 1179 1272 1256 postea
1304 1195 1424 1256 magna
1456 1195 1531 1238 con-

344 1285 480 1368 spiratio
496 1305 554 1376 per
571 1305 679 1366 regem
697 1280 828 1348 Galliae
841 1287 873 1346 et
889 1281 971 1347 alias
988 1281 1201 1365 undecunque
1216 1281 1398 1346 haereticos
1416 1289 1529 1347 contra

343 1394 532 1477 religionem
557 1398 590 1458 et
613 1393 744 1458 domurn
767 1391 991 1458 Austriaoam.

453 1499 612 1566 Similiter
636 1502 697 1566 hoc
731 1522 815 1566 anno
840 1502 874 1565 in
897 1501 989 1566 Maio
1022 1499 1180 1564 visisunt
1205 1498 1268 1564 duo
1293 1499 1413 1579 circuli,
1448 1521 1530 1564 unus

344 1610 447 1690 albus,
471 1610 557 1674 alter
581 1609 753 1687 coloratae,
778 1609 902 1674 scilicet
935 1607 1018 1689 albo,
1043 1607 1144 1673 rubeo
1168 1612 1201 1672 et
1217 1607 1301 1672 flavo
1325 1607 1433 1672 colore
1456 1629 1530 1690 per-

342 1719 472 1799 mixtue,
497 1723 530 1784 et
554 1717 649 1784 albus
683 1717 821 1783 circulus
845 1723 933 1782 recte
968 1718 1056 1782 circa
1080 1716 1181 1782 solem
1206 1715 1337 1800 aequali
1370 1715 1530 1780 distantia

344 1827 489 1892 habebat
513 1847 606 1892 suam
629 1825 944 1906 circumferentiam
968 1824 1052 1890 alter
1076 1846 1161 1906 vero,
1178 1823 1234 1907 qui
1258 1824 1423 1888 coloratus
1448 1828 1528 1901 erat,

237 2019 239 2022 Ι
344 1935 492 2000 scindens
525 1936 559 2000 in
584 1935 711 2000 duabus
743 1934 895 2020 partibus
928 1934 1040 2000 album
1072 1953 1176 2018 usque
1201 1931 1244 1998 ad
1267 1931 1378 2011 solem,
1403 1931 1461 2014 qui
1493 1931 1526 1995 in

226 3253 304 3313 roro,

211 3317 263 3384 jor.
284 3327 308 3371 s.

342 2043 448 2110 medio
472 2045 611 2109 alterius
636 2043 749 2109 circuli
773 2043 890 2124 suerat,
914 2042 1052 2127 pertigit
1075 2043 1108 2106 in
1132 2041 1216 2106 hanc
1240 2039 1397 2123 figuram:

715 2259 805 2324 albus
826 2217 984 2396 &O
1006 2261 1160 2328 coloratus

448 2513 555 2578 Paulo
579 2517 655 2596 post
677 2532 737 2576 rex
760 2507 946 2576 Galliarum
972 2507 1078 2574 cultro
1103 2509 1221 2575 misere
1245 2508 1441 2574 interfectus
1464 2508 1524 2573 suit

341 2645 361 2688 a
385 2621 540 2688 vilissimo
565 2621 707 2706 quodam
730 2619 868 2685 homine.

448 2729 637 2814 Imperator
652 2730 713 2794 hoo
730 2734 878 2812 tempore
893 2728 1051 2793 electores
1066 2725 1212 2810 Pragem
1228 2729 1436 2808 convocavit,
1453 2749 1527 2792 cau-

342 2859 397 2903 sae
422 2832 474 2921 (ut
498 2834 601 2920 foma)
625 2839 762 2903 fuerunt
786 2838 873 2920 regis
897 2834 1084 2902 Galliarum
1111 2835 1370 2902 machinationes
1396 2840 1430 2901 et
1453 2857 1525 2920 pro·

340 2947 464 3012 vinciae
488 2945 549 3010 sibi
573 2968 593 3011 a
617 2947 721 3010 fratre
745 2946 907 3028 superiori
924 2965 1009 3009 anno
1034 2943 1216 3028 ademptae,
1240 2948 1279 3008 ut
1302 2943 1525 3009 consultarent

333 3054 373 3119 de
397 3075 473 3137 rege
498 3055 722 3119 Romanorum
748 3058 781 3117 et
798 3053 958 3136 quomodo
982 3058 1116 3136 possent
1140 3052 1327 3137 provinciae
1351 3051 1393 3116 ad
1418 3052 1524 3136 pristi-

340 3183 417 3226 nam
450 3161 668 3228 obedientiam
710 3161 908 3244 recuperari.
940 3157 998 3225 Ad
1039 3160 1127 3225 hunc
1159 3166 1354 3225 conventum
1398 3180 1524 3242 quoqne

342 3271 431 3335 misit
453 3269 526 3336 Rex
551 3269 700 3334 Mathias
734 3289 809 3334 suos
832 3268 977 3352 legatos3
1000 3267 1134 3333 tandem
1160 3268 1213 3334 die
1239 3272 1267 3333 3.
1300 3267 1385 3333 Julii
1418 3266 1525 3350 Praga

342 3377 508 3444 Viennam
531 3379 622 3443 missi
645 3384 722 3443 sunt
745 3385 813 3444 tres
837 3376 1016 3460 Principes,
1042 3375 1162 3442 elector
1196 3374 1410 3457 sidoniensis,
1434 3374 1523 3439 Prin·

342 3507 417 3569 ceps
450 3481 582 3568 Styriae
614 3491 648 3550 et
671 3486 829 3570 Princeps
862 3483 1120 3564 Brunsvicensis,
1144 3489 1182 3548 ut
1206 3481 1247 3548 ob
1280 3483 1366 3549 hano
1400 3489 1524 3548 contro

342 3593 480 3658 versiam
504 3593 593 3657 ultro
626 3593 775 3677 citroque
807 3593 1073 3678 paciscerentur3
1106 3613 1142 3656 eo
1166 3613 1296 3676 quoque
1320 3593 1463 3673 devenit,
1491 3597 1524 3655 nt

341 3702 471 3783 fratrea,
487 3701 610 3768 scilicet
626 3701 783 3784 Mathias,
799 3722 859 3766 rex
875 3701 1052 3785 Ungariae,
1070 3705 1104 3766 et
1118 3701 1307 3785 Imperator
1322 3700 1523 3786 Rudolplrm,

341 3832 400 3894 per
423 3809 515 3875 varia
538 3811 731 3895 interposita
754 3817 852 3893 pacta
877 3809 1105 3890 convenirent3
1129 3830 1196 3892 qna
1212 3808 1252 3874 de
1269 3824 1377 3890 causa,
1402 3814 1441 3874 ut
1464 3830 1522 3894 pax

342 3923 528 4002 appareret,
550 3919 670 3984 milites
687 3918 728 3983 ab
746 3924 885 4001 utraque
910 3922 1006 4002 parte
1030 3917 1200 4008 licenciati
1224 3915 1399 3984 debebant.
1423 3915 1523 3994 Unde,

342 4047 415 4091 cum
440 4023 513 4090 Rex
536 4025 684 4090 Matlrias
707 4047 782 4091 suos
807 4025 1037 4110 stipendiarios
1054 4045 1093 4090 ex
1109 4023 1251 4090 Austria
1267 4025 1439 4107 dimiserit,
1462 4024 1522 4090 Inr-

341 4134 501 4215 peratoris
525 4155 602 4198 vero
634 4134 755 4199 milites
779 4133 900 4198 residui
924 4138 1019 4198 extra
1042 4138 1138 4218 pacta
1161 4135 1196 4198 in
1219 4135 1421 4217 superiorem
1454 4155 1524 4218 par-

342 4246 410 4306 tem
434 4238 592 4306 Austriae
626 4243 784 4308 insultum
809 4242 955 4307 lecerunt
980 4247 1013 4306 et
1035 4242 1235 4325 provinciam
1258 4243 1377 4308 misere
1410 4241 1523 4326 spolia·

341 4354 427 4432 runt,
451 4371 535 4415 nova
558 4352 645 4416 inter
677 4349 749 4415 illos
773 4349 854 4414 dnos
877 4349 999 4416 fratres
1023 4354 1138 4415 exorta
1166 4354 1216 4415 est
1248 4349 1422 4416 discordia.
1456 4346 1522 4431 Qua

342 4458 509 4523 occasione
534 4457 608 4522 Rex
624 4456 773 4521 Mathias
790 4455 925 4521 collecto
950 4456 1056 4522 milite
1080 4478 1193 4522 rursus
1210 4455 1402 4522 Bohemiam
1427 4455 1524 4522 adivit

343 4571 375 4630 et
399 4586 420 4630 a
442 4563 582 4630 statibus
615 4563 801 4646 Bohemiae,
826 4565 883 4648 qui
913 4566 1019 4650 ipsum
1043 4569 1212 4646 vocarunt,
1245 4565 1391 4648 Pragam
1424 4583 1522 4647 usque

343 4680 393 4737 est
416 4673 610 4757 perductum
635 4673 708 4755 quis
733 4693 808 4736 vero
833 4677 965 4738 eventus
989 4672 1081 4755 foret,
1106 4679 1233 4758 tempus
1258 4673 1360 4739 dabit.
