3324 5326
1288 473 1352 536 329

156 653 343 740 Pruykerii
372 657 479 724 videre
509 665 560 726 est
585 681 684 743 supra
709 661 764 728 fol.
782 657 895 746 135¹).
922 661 986 731 Sed
1012 670 1088 734 acta
1113 668 1181 734 eius
1206 689 1265 752 pro
1292 669 1353 736 hoo

162 767 315 832 semestri
348 768 586 854 desiderantur,
610 793 671 838 nec
688 777 825 853 constat,
842 797 884 842 au
900 775 1020 859 aliquis
1043 797 1161 844 nomen
1180 799 1273 848 suum
1290 780 1351 846 sub

156 875 228 942 -hac
252 879 483 961 procuratione
505 880 633 948 nationi
656 883 868 965 Hungaricae
892 883 1028 950 dederit.

277 1030 351 1100 Hoc
368 1056 452 1101 anno
478 1039 509 1101 in
526 1037 710 1102 mutatione
726 1034 870 1100 brumali
884 1035 1100 1124 clarissimum
1123 1035 1219 1104 Dom.
1243 1011 1346 1104 Pau·
1377 1033 1442 1082 1⁰⁰¹
1465 1031 1493 1082 11

161 1140 249 1207 lum
268 1142 558 1225 Perclrholer,
582 1144 761 1209 medicinae
786 1145 961 1225 doctorem,
978 1165 1017 1210 ex
1034 1145 1200 1211 Rhenensi
1220 1147 1352 1212 natione

160 1254 198 1317 in
216 1249 471 1336 'procuratorem
494 1253 708 1336 Hungarieae
731 1253 875 1320 nationis
899 1254 1099 1338 postulatum
1124 1255 1231 1336 fuisse,
1248 1278 1287 1321 ex
1305 1278 1353 1322 se-

161 1360 341 1444 quentibus
359 1361 476 1429 nobilis
486 1367 520 1428 et
530 1363 702 1428 clarissimi
714 1361 812 1428 Dom.
828 1363 922 1428 Petri
931 1363 1111 1445 Lamberti‚
1128 1364 1351 1449 philosophiae

161 1479 198 1539 et
219 1472 305 1554 juris
330 1473 500 1555 utriusque
524 1471 668 1536 doctoris
692 1471 774 1536 aotis
798 1476 900 1556 patet
933 1469 997 1537 sed
1021 1476 1054 1536 et
1077 1472 1173 1538 huius
1197 1494 1350 1558 procura·

161 1583 245 1646 toris
269 1586 344 1646 aeta
368 1579 611 1646 desiderantur.

272 1719 368 1790 Anno
394 1729 490 1805 1602,
509 1729 558 1791 15.
576 1723 711 1807 Aprilis,
734 1724 854 1789 electus
879 1745 950 1788 sum
965 1723 996 1788 in
1022 1729 1269 1808 procuratorem
1292 1747 1350 1790 na·
1368 1696 1499 1824 fflss'offilh

160 1835 263 1900 tionis
286 1833 473 1918 Ungaricae
497 1856 555 1916 ego
580 1833 745 1898 Petrus
768 1832 1047 1916 Lambertus,
1067 1835 1155 1918 juris
1179 1836 1349 1917 utriusque
1372 1842 1430 1912 upr.
1453 1851 1494 1896 15.

161 1949 197 2007 et
221 1941 447 2026 philosophiae
461 1941 584 2022 doctor,
609 1941 685 2005 dnm
703 1963 742 2006 ex
758 1941 917 2008 facultate
937 1941 1082 2026 juridica
1105 1943 1262 2030 unanimi,
1275 1963 1349 2008 con·

162 2073 262 2117 sensu
279 2052 401 2117 Rector
417 2050 596 2134 eligeretur
611 2049 803 2134 magnificus
820 2057 852 2117 et
869 2051 1067 2118 clarissimus
1083 2049 1178 2117 Dom.
1194 2051 1348 2119 Andreas

160 2161 271 2242 Picus,
285 2160 369 2243 juris
385 2162 558 2245 utriusque
574 2161 697 2242 doctor,
713 2161 910 2228 serenissimi
927 2167 960 2228 ct
976 2162 1235 2228 reverendissimi
1259 2163 1348 2246 prin-

164 2269 247 2352 cipis
265 2289 303 2332 ac
318 2269 440 2334 domini
464 2268 560 2334 Dom.
584 2268 751 2353 Leopoldi,
768 2269 954 2336 archiducis
978 2269 1137 2336 Austriae
1155 2275 1189 2336 et
1206 2271 1348 2354 episcopi

160 2375 386 2442 Passaviensis
420 2375 624 2442 consiliarius
647 2381 680 2441 et
704 2377 889 2442 consistorii
921 2376 1116 2446 Viennensis
1148 2400 1292 2445 assessor
1316 2386 1349 2446 et

160 2482 340 2549 advocatus
364 2483 497 2549 aulicus.

271 2585 327 2657 Ab
345 2595 552 2658 antecessore
567 2613 638 2657 meo
654 2591 761 2658 Paulo
779 2592 991 2676 Perglrhofen
1008 2595 1188 2661 medicinae
1206 2595 1347 2676 doctore,

159 2699 244 2766 nihil
268 2705 401 2783 praeter
423 2700 544 2766 librum
568 2701 711 2766 nationis
737 2703 857 2784 accepi.
890 2701 1034 2768 Numina
1057 2701 1198 2786 inclytae
1222 2704 1348 2769 nationi

160 2807 243 2874 data
266 2814 344 2874 sunt
366 2808 463 2892 plane
486 2807 585 2874 nulla.

270 2917 418 2983 Moritur
431 2917 493 2982 hoc
509 2919 658 2982 semestri
675 2917 742 2983 dux
760 2916 947 2983 Mercurius
965 2916 1082 2984 Gallus
1098 2919 1133 2984 N
1134 2919 1347 3002 erimbergae,

160 3025 242 3089 dum
274 3046 314 3090 ex
345 3023 431 3091 hello
464 3024 632 3107 Ungarico
664 3023 708 3088 ad
740 3025 864 3108 patries
897 3025 984 3090 lares
1017 3027 1135 3108 pergit.
1168 3024 1348 3092 Amittitur

158 3131 253 3200 Alba
277 3135 418 3218 Regalis,
451 3133 617 3217 superiore
650 3155 734 3198 anno
759 3155 779 3200 a
801 3135 931 3214 nostris,
956 3133 1038 3200 duce
1071 3135 1240 3200 Mercurio
1263 3139 1347 3200 vices
1442 3184 1444 3190 .

157 3242 362 3306 serenissimi
386 3239 573 3307 archiducis
596 3241 762 3306 Matthiae
785 3243 818 3306 in
843 3242 988 3305 exercitu
1013 3247 1155 3324 gerente,
1179 3249 1347 3326 occupata.

157 3349 299 3414 Pestum
322 3351 355 3414 in
379 3354 565 3414 nostrorum
598 3347 685 3413 venit
714 3353 919 3433 potestatem.
943 3345 1122 3414 Obsidetur
1154 3349 1259 3431 Buda,
1291 3349 1347 3416 sed

157 3478 227 3522 non
251 3463 441 3540 occupatur.

271 3577 366 3646 Anno
390 3581 512 3664 eodem,
538 3605 611 3647 cum
628 3603 687 3666 pro
703 3583 851 3648 semestri
876 3584 981 3647 sancti
1005 3579 1200 3648 Oolomanni
1223 3583 1258 3648 in
1281 3583 1484 3650 Re-160211

158 3695 288 3754 ctorem
305 3688 558 3772 arohigymnasii
574 3691 679 3756 nostri
696 3688 892 3758 Viennensis
909 3689 1120 3770 celeberrimi,
1138 3691 1258 3756 electus
1275 3696 1347 3756 erat

156 3795 281 3862 nobilis
304 3817 343 3862 ac
359 3795 556 3862 clarissimus
573 3797 622 3862 vir
637 3796 838 3862 Benedictus
861 3797 995 3881 Perger,
1019 3798 1198 3864 medicinae
1223 3797 1346 3880 doctor,

159 3905 195 3970 in
221 3911 467 3987 procuratorem
492 3905 632 3988 inclytae
664 3905 808 3970 nationis
832 3905 1018 3988 ngaricae
1041 3929 1080 3972 ex
1103 3906 1234 3972 natione
1258 3903 1346 3971 Rhe·

157 4013 254 4078 nensi
271 4011 456 4095 postulatus
472 4034 543 4078 sum
561 4032 620 4096 ego
638 4011 663 4078 J
669 4034 744 4078 oan
755 4036 776 4078 n
787 4035 830 4079 es
846 4013 998 4078 Pellin
1009 4036 1092 4097 ger,
1119 4019 1346 4080 sacrosanctae

158 4117 346 4200 theologiae
369 4119 490 4202 doctor,
514 4121 676 4204 parochus
699 4121 742 4186 ad
766 4128 917 4188 sanctum
942 4123 1149 4188 Michaelem.

270 4225 414 4294 Nomina
437 4249 497 4293 sua
529 4228 670 4312 inclytae
694 4229 821 4294 nationi
844 4230 1006 4296 dederunt
1030 4231 1081 4296 die
1107 4238 1135 4298 2.
1168 4230 1346 4298 Februarii
1374 4278 1386 4332 f

159 4353 248 4399 anno
274 4337 377 4400 1603:

270 4441 420 4510 Joannes
443 4443 592 4510 Mikolde
617 4441 766 4527 Silesius,
782 4445 947 4510 studiosus
963 4445 1196 4530 stipendiarius
1220 4447 1346 4512 Bursao

158 4547 329 4615 Gentium.

1394 4216 1471 4274 raca,

1387 4279 1444 4334 ebr.
1465 4289 1489 4334 2.

271 4729 290 4790 ¹)
309 4731 341 4780 Is.
353 4725 477 4783 'idntebb
498 4735 593 4782 a308.
612 4728 632 4783 l.
