3258 5320
867 609 947 676 (roes
968 605 1002 666 1.)

203 719 319 854 ,¹³3⁶ss
447 734 543 805 anno
578 737 824 820 nonnum,
853 742 885 804 n
924 738 1008 804 ese
1032 737 1176 803 rien-ss
1210 757 1269 821 ego
1302 737 1521 802 neronior

339 845 708 934 Engelhardus1),
743 849 822 914 'uris
856 850 1026 930 utriusque
1055 847 1178 928 doctor,
1210 848 1243 912 in
1277 855 1519 932 procuratorem
1605 913 1606 916 ,

338 959 479 1024 nationis
503 958 690 1042 ngaricae
724 959 855 1038 electus,
888 959 1044 1042 accepia
1068 957 1162 1022 Dom.
1187 957 1333 1024 Doctore
1363 957 1519 1024 Febr-itio.
1605 957 1606 1026 l

338 1068 571 1134 mathematico
586 1065 759 1148 Caesareo,
783 1067 926 1130 nationis
950 1066 1104 1146 laclulam,
1121 1065 1203 1132 duos
1226 1067 1329 1132 libros
1346 1071 1380 1131 et
1399 1071 1439 1130 12
1455 1066 1520 1131 flor.

337 1175 528 1244 Rhenenses
552 1178 585 1241 in
610 1181 740 1242 moneta
763 1198 829 1240 una
852 1197 925 1240 eum
948 1179 992 1242 48
1017 1197 1060 1240 cr.
1085 1177 1141 1242 Me
1165 1175 1276 1258 itaque
1299 1175 1518 1258 procuratoris

337 1285 480 1351 officium
505 1291 647 1368 gerente,
671 1285 803 1350 nomina
827 1283 1007 1350 dederunt:

446 1394 577 1461 Nobilis
611 1392 982 1460 Dom.Ba1·tholomeus
1014 1391 1199 1460 Hanewald
1230 1389 1375 1470 Silesius,
1408 1411 1518 1456 sacrae

338 1501 500 1568 Caesareo
524 1503 715 1569 Maiestatis
739 1505 944 1586 secretarius,
969 1503 1129 1587 solvitque
1153 1525 1198 1568 or.
1224 1507 1273 1568 15.

447 1611 593 1676 loannes
616 1610 858 1693 EngelharduS,
883 1612 989 1676 frater
1011 1633 1113 1686 meus,
1137 1612 1233 1676 solvit
1256 1631 1300 1674 er.
1324 1614 1354 1674 4.
1608 1691 1609 1702 ἵ

389 1714 392 1729 '
447 1719 559 1786 Finito
584 1721 695 1802 itaque
720 1719 836 1800 officio,
860 1720 1075 1786 haecomnia
1099 1719 1222 1786 tradidi
1245 1719 1424 1784 successori
1448 1741 1516 1784 meo
1608 1703 1609 1712 ἵ

338 1827 433 1893 Dom.
458 1827 595 1894 Ductori
619 1827 841 1894 Zimmerman
865 1827 1127 1896 Vratislaviensi.

856 1991 937 2050 (1568
956 1989 1004 2050 Π.)

200 2096 314 2215 οῇῗθῗὲ,
444 2110 539 2182 Anno
565 2113 812 2198 MDLXVIII,
841 2119 874 2181 in
897 2117 981 2182 festo
998 2115 1178 2200 Colmanni,
1195 2137 1254 2199 ego
1278 2116 1514 2181 Laurentius

334 2223 628 2289 Zimmerman
652 2225 1054 2306 Vratislaviensis,
1084 2225 1169 2308 juris
1193 2225 1363 2310 utriusque
1396 2225 1514 2304 doctor,

334 2333 367 2396 in
391 2331 578 2414 Ungaricae
611 2334 752 2400 nationis
786 2339 1031 2416 procuratorem
1066 2334 1199 2416 electus,
1231 2335 1342 2418 accepi
1375 2356 1395 2398 a
1423 2331 1513 2398 Dom.

334 2439 478 2504 Doctore
495 2440 674 2506 Melchiore
691 2441 893 2524 Englhardc,
915 2443 998 2524 juria
1023 2443 1194 2526 utriusque
1211 2443 1351 2522 doctore,
1373 2443 1511 2506 nationis

333 2547 485 2630 ladulam,
509 2549 590 2614 duos
623 2549 725 2616 libros
758 2555 793 2614 et
825 2549 1070 2633 supradictam
1102 2571 1271 2632 summam,
1305 2571 1418 2633 nempe
1447 2548 1510 2614 flor.
1610 2579 1611 2600 κ

334 2655 525 2723 Rhenonses
552 2663 591 2723 13
617 2664 650 2723 et
675 2663 692 2722 7
718 2681 761 2724 cr.

440 2763 483 2829 In
500 2765 560 2830 hoe
576 2787 667 2830 meae
691 2768 985 2834 administrationis
1010 2770 1159 2834 semestri
1182 2767 1290 2852 spatio
1314 2765 1395 2831 nihil
1417 2787 1510 2850 prope

333 2873 545 2938 memorabile
569 2875 698 2955 accidit,
721 2875 808 2958 quod
838 2878 1063 2960 posteritatem
1087 2896 1181 2940 nosse
1205 2873 1344 2939 multum
1369 2873 1509 2950 referret

334 2987 567 3066 praeterquam
584 2984 670 3066 quod
688 2985 730 3049 ab
747 2986 960 3052 invictissimo
980 2987 1204 3052 Romanorum
1219 2985 1426 3068 Imperatore
1442 2983 1507 3047 Ma·
1611 2999 1612 3002 ’

332 3089 500 3154 ximiliano
525 3090 581 3170 II,
606 3091 736 3156 domino
759 3098 875 3158 nostro
900 3093 1157 3174 clementissimo,
1190 3094 1278 3156 inter
1301 3091 1382 3156 alios
1406 3111 1508 3155 corre

332 3197 458 3278 gandae
491 3199 646 3281 pecuniae
679 3200 801 3282 modos,
825 3223 940 3266 census
964 3222 1092 3284 quoque
1124 3199 1303 3283 personalis
1336 3197 1378 3262 ad
1411 3198 1508 3261 instar

330 3315 477 3374 vetorum
501 3309 735 3390 Romanorum,
760 3317 798 3375 ut
830 3306 950 3393 singuli
982 3331 1042 3393 pro
1076 3331 1135 3375 sua
1168 3328 1308 3392 persona
1331 3307 1412 3370 certi
1436 3303 1509 3386 quid

330 3415 465 3498 solvant,
499 3419 703 3502 excogitatus
737 3425 796 3486 est.
830 3419 976 3504 Cumque
1011 3441 1123 3486 omnes
1156 3427 1224 3484 tam
1257 3417 1383 3486 nobiles
1417 3438 1506 3500 quam

329 3525 494 3606 ignobiles,
519 3526 608 3592 docti
641 3530 767 3612 pariter
791 3537 890 3614 atque
914 3529 1044 3608 indocti,
1079 3529 1122 3594 ad
1155 3527 1348 3594 solutionem
1372 3523 1506 3590 eiusdem

329 3635 599 3718 astringerentur,
624 3658 719 3702 sacra
738 3637 881 3720 Oqsarea
899 3639 1058 3704 Maiestas
1082 3661 1121 3704 ex
1145 3659 1235 3703 mera
1257 3634 1456 3701 liberalitate
1478 3637 1506 3694 et

329 3743 461 3826 proprio
486 3745 618 3827 quidem
641 3749 733 3811 motu
757 3747 799 3812 ad
832 3747 952 3812 nullius
985 3748 1177 3812 instantiam
1201 3745 1243 3810 ab
1266 3745 1328 3810 hac
1360 3743 1505 3828 pensione

329 3849 426 3914 huius
450 3851 680 3918 celeberrimae
704 3854 927 3920 universitatis
951 3853 1149 3923 Viennensis
1177 3853 1325 3920 membra
1356 3847 1504 3916 immunia

330 3957 409 4022 fecit
434 3964 467 4022 et
489 3963 665 4043 praestitit.
700 3961 801 4027 Cuius
825 3963 973 4029 beneficii
998 3969 1034 4028 ut
1057 3962 1180 4047 posteri
1203 3961 1389 4026 meminisse
1411 3963 1504 4040 atque

329 4086 388 4148 pro
413 4065 475 4132 hac
498 4068 704 4152 indulgentia
728 4093 767 4136 ae
792 4071 962 4137 clementia
995 4073 1084 4156 grati
1108 4071 1251 4136 existere
1274 4069 1406 4152 queant,
1429 4064 1503 4130 actis

330 4171 363 4238 id
386 4174 529 4241 inserere
554 4183 587 4242 et
611 4177 652 4244 ab
677 4181 764 4245 omni
789 4179 949 4244 oblivione
974 4179 1141 4244 vindicare
1164 4177 1259 4243 volui.

186 4289 233 4348 fol.
250 4294 315 4348 raab
435 4283 510 4366 Ego
525 4283 723 4352 Laurentius
738 4286 968 4370 Zimmerman,
979 4287 1062 4370 juris
1078 4287 1249 4372 utriusque
1262 4284 1384 4364 doctor,
1396 4303 1503 4366 eupra-

198 4401 202 4410 '
329 4391 485 4474 scriptam
519 4415 686 4476 summam,
716 4417 814 4478 quam
847 4419 867 4462 a
899 4394 1148 4479 praedecessore
1179 4415 1252 4460 meo
1285 4392 1404 4474 accepi,
1435 4410 1501 4454 cum

327 4495 440 4566 ladula
471 4505 504 4564 et
537 4501 664 4567 duobus
696 4502 788 4568 libris
820 4503 944 4570 tradidi
978 4501 1156 4568 clarissimo
1180 4503 1250 4570 viro
1283 4501 1379 4567 Dom.

326 4619 541 4638 b—-U—-w

434 4679 454 4742 1)
473 4678 573 4734 Toldaie
592 4697 608 4732 a
627 4679 781 4750 lapsze'len:
806 4677 1087 4752 Wunscblburpcaaia
1107 4679 1239 4738 Silesiut.
