3296 5328
278 465 296 524 e

278 667 388 723 tamen
412 659 653 741 suppositorum
679 657 803 738 prefate
826 657 951 720 nationi
972 657 1253 738 incorporatomm
1270 652 1465 735 ubicumque

278 768 507 832 defunctorum
532 766 706 850 specialius
730 789 768 830 ac
793 765 941 831 devotius
964 763 1188 830 decantandas
1214 763 1250 846 ¹).

278 991 307 1052 8.
331 985 383 1050 Γῒ
407 991 496 1050 acta
520 991 556 1048 et
585 985 692 1049 lacta
724 983 972 1051 memoranda
1004 984 1246 1068 singulorum
1280 1001 1465 1068 procura-

639 1101 763 1158 torum
789 1093 1104 1158 conscribantur.

385 1231 466 1301 (lum
489 1243 610 1300 natura
635 1237 776 1302 humane
796 1236 1007 1302 condictionis
1024 1237 1151 1319 fragilis
1167 1238 1295 1316 existat,
1311 1236 1464 1300 multum-

277 1367 340 1428 que
363 1343 472 1409 labilie
496 1347 654 1409 memoria
677 1345 853 1421 hominum,
877 1353 1059 1429 propterea,
1083 1367 1125 1410 ne
1154 1351 1321 1429 gesturum
1353 1364 1463 1408 rerum

276 1453 433 1517 memoria
457 1454 614 1535 temporis
646 1475 799 1538 processu
833 1453 1076 1536 quomodolibet
1108 1461 1287 1534 evanescat,
1320 1454 1464 1518 nationis

277 1565 309 1628 in
334 1563 430 1648 plena
464 1566 715 1648 congregatione
746 1588 831 1630 aurio
864 1565 997 1630 Domini
1033 1566 1086 1630 Μο
1109 1572 1196 1630 ccoc⁰
1219 1565 1385 1644 sedecimo,
1410 1563 1463 1628 die

277 1670 400 1738 decimo
434 1674 554 1738 mensis
588 1672 791 1754 Novembris,
825 1675 885 1740 sub
918 1675 1110 1758 procuracia
1143 1674 1232 1756 Mag.
1265 1673 1389 1740 Thome
1422 1671 1462 1736 de

277 1781 393 1846 Zalran
418 1780 607 1845 conclusum
631 1783 750 1862 extitit,
773 1789 811 1846 ut
834 1785 868 1846 in
892 1805 955 1846 una
990 1790 1084 1866 parte
1116 1781 1287 1848 matricule
1319 1779 1462 1845 nationis

277 1887 415 1973 quilibet
438 1897 632 1972 procurator
655 1891 798 1956 nationis
822 1913 881 1974 pro
905 1897 1049 1976 tempore
1074 1893 1216 1956 existens
1232 1896 1307 1956 acta
1323 1895 1357 1954 et
1372 1889 1462 1953 facta

276 1997 466 2082 peripsum
490 2019 528 2061 ac
552 2019 772 2083 quoscumque
797 2001 960 2065 nationem
995 2001 1226 2066 concernencia
1260 1997 1463 2064 conscribere

277 2105 395 2170 debeat
420 2113 453 2169 et
476 2111 637 2170 teneatur.

531 2325 558 2384 9.
584 2319 639 2384 De
663 2323 774 2404 penis
797 2345 869 2385 nen
896 2323 1208 2388 intitulatorum.

385 2452 428 2518 In
461 2463 609 2538 pretecta
643 2460 896 2540 congregacione
930 2459 1117 2524 conclusum
1151 2465 1210 2538 est,
1243 2457 1329 2540 quod
1362 2457 1463 2540 quod·

278 2587 416 2649 cumque
441 2567 642 2651 suppositum
668 2568 754 2633 dicte
778 2571 922 2635 nationis
946 2570 1123 2635 seeundum
1148 2569 1198 2632 sui
1215 2573 1322 2632 status
1338 2589 1375 2630 ac
1392 2587 1463 2650 per-

277 2695 355 2740 sone
378 2675 563 2742 decenciam
598 2677 769 2741 matricula
803 2677 945 2742 eiusdem
981 2699 1014 2741 se
1047 2677 1181 2743 inscribi
1215 2677 1381 2740 rennuerit
1414 2678 1462 2740 vel

277 2781 358 2850 alias
382 2783 610 2868 proterviendo
634 2806 650 2847 a
678 2784 767 2849 dicta
790 2787 964 2850 matricula
992 2787 1133 2852 trationis
1166 2791 1302 2867 totaque
1333 2785 1463 2849 natione

278 2913 311 2954 se
335 2890 412 2955 velit
436 2890 633 2970 abstrahere,
669 2899 788 2956 extunc
811 2893 896 2958 idem
925 2917 963 2959 eo
995 2895 1083 2960 facto
1116 2895 1158 2958 ab
1191 2892 1341 2958 omnibus
1364 2891 1463 2958 hono-

278 2997 368 3062 ribus
401 2998 674 3083 libertatibusque
708 3000 794 3065 dicte
827 3004 968 3087 nationis
1002 3005 1045 3067 sit
1078 3003 1207 3085 penitus
1240 3002 1407 3065 exclusum
1431 3007 1463 3064 et

277 3127 335 3170 nec
368 3107 401 3169 in
435 3107 747 3190 congregacionibus
779 3110 921 3174 nationis
954 3111 1030 3175 talis
1059 3132 1206 3195 persona,
1229 3115 1266 3174 ut
1289 3109 1463 3192 prefertur,

277 3213 451 3296 ‹qiricquam
476 3213 598 3279 habeat
622 3215 832 3294 concluderej,
856 3223 889 3280 et
913 3219 940 3282 si
964 3217 1142 3300 aliquando
1166 3219 1232 3283 tale
1260 3217 1462 3302 suppositum

277 3320 397 3384 auxilio
421 3320 582 3402 indigeret
606 3323 756 3402 nationie
779 3326 870 3388 natio
894 3331 1028 3409 propter
1050 3325 1235 3391 huiusmodi
1262 3326 1362 3409 ipsius
1386 3347 1458 3408 pro·

277 3429 411 3492 terviarn
445 3450 653 3514 nequaquem
689 3433 828 3496 intendit
867 3432 969 3496 eidem
1009 3433 1193 3518 suffragari,
1231 3433 1458 3498 nichilominus

277 3538 382 3620 ipsum
416 3559 570 3602 accusare
605 3561 662 3622 pro
696 3539 755 3604 tali
790 3563 849 3604 sua
878 3543 1041 3624 protervia
1066 3549 1099 3606 et
1122 3548 1160 3606 ut
1182 3541 1394 3606 coherceatur
1418 3539 1458 3605 ad

279 3644 512 3708 intitulandum
536 3648 626 3710 iuxta
653 3653 787 3726 statuta,
813 3653 849 3711 ut
873 3648 1048 3730 prefertur.

336 3864 383 3922 lu.
408 3859 463 3924 De
489 3863 658 3930 termino
684 3863 839 3926 irnlulto
863 3864 1122 3930 intitulandis
1145 3873 1183 3930 et
1206 3867 1285 3930 alia
1309 3887 1407 3949 pena

585 3969 764 4034 sribiecta
788 3977 825 4034 et
849 3971 1157 4039 determinanda..

386 4095 480 4164 huno
514 4099 647 4166 Domini
683 4125 695 4167 i
722 4109 735 4136 ⁰
769 4113 855 4168 reeee⁰
889 4105 1012 4170 decimo
1045 4110 1192 4191 septimo,
1226 4111 1385 4176 sedecima
1410 4111 1459 4176 die

277 4210 395 4274 niensis
429 4207 521 4287 Maii,
554 4211 586 4272 in
622 4213 813 4291 procuracia
846 4213 936 4294 Mag.
970 4213 1082 4278 (leonii
1116 4215 1155 4280 de
1185 4216 1349 4296 Lubeuw,
1373 4218 1459 4284 facte

278 4317 531 4399 congregacione
555 4318 706 4398 nationis,
730 4319 772 4382 ab
796 4322 908 4386 eadem
935 4330 1012 4388 tunc
1037 4331 1129 4388 extat
1158 4327 1351 4408 conclusum,
1375 4328 1459 4411 quod

278 4431 414 4506 protune
439 4445 502 4486 urin
529 4424 685 4488 intitulati
713 4427 798 4491 iulia
822 4451 919 4494 rurum
945 4451 1085 4494 merismu
1113 4433 1271 4498 deberent
1300 4435 1458 4500 intitulari

276 4563 490 4578 *ann-

388 4637 405 4694 ¹)
426 4639 448 4685 Λ
470 4635 603 4702 lepeaelen
625 4636 739 4694 lreedbhi
759 4641 868 4697 keztol:
891 4643 1037 4710 agentur
1050 4643 1163 4716 ereqaie
1176 4646 1363 4703 corninuuiter
1376 4647 1457 4702 tertia

277 4721 320 4772 die
338 4727 398 4792 μυεῖ
419 4723 489 4776 lectu
504 4727 639 4780 statuta«.
