3324 5326
1282 389 1346 450 263
1444 477 1454 498 ·

692 587 773 646 <1508
793 587 826 646 Ι.)

268 698 340 786 Ego
381 701 481 784 Mag.
522 699 723 766 Martinus
761 699 921 766 Pilad'es
960 698 1156 767 Oibiniensis
1205 703 1348 786 presenti

157 810 358 894 cirographo
384 833 456 878 meo
473 812 579 878 fateor
595 833 646 876 me
662 815 822 896 recepisse
835 814 894 879 heo
913 815 1090 880 inmediate
1115 815 1347 898 suprascripta,
1415 895 1424 916 f

155 924 368 1007 presentibus
396 923 636 992 venerabilibus
658 925 736 989 viris
760 929 793 988 et
818 925 983 1008 magistris
1008 925 1239 1008 supranotatis,
1263 945 1349 991 armo
1377 893 1492 1030 αέζοὲἦ

156 1054 197 1098 ac
222 1033 274 1097 die
297 1032 461 1116 predictis.

268 1136 341 1222 Ego
365 1139 473 1223 Meg.
497 1139 698 1206 Jacobus
722 1140 987 1222 Vexillifer,
1011 1135 1208 1208 substitutus
1232 1164 1348 1226 procu·

156 1255 253 1316 rator
275 1251 442 1316 reverendi
466 1251 527 1315 viri
550 1249 640 1333 Mag.
664 1249 805 1316 Martini
821 1251 1054 1334 procuratoris
1071 1251 1204 1335 exposui
1219 1251 1349 1317 nomine

156 1360 305 1426 nacionis
330 1360 561 1444 infrascripta:
594 1351 681 1424 Item
705 1381 765 1445 pro
789 1359 908 1442 vigiliis
933 1381 971 1424 ac
995 1361 1094 1426 misse
1119 1361 1349 1426 defunctorum

158 1467 432 1536 Predicatoribus
467 1476 486 1535 3
520 1470 578 1536 sol.
611 1469 680 1536 den.
705 1471 793 1536 Item
825 1471 960 1554 pedollis
986 1477 1003 1534 7
1029 1493 1074 1536 cr.
1096 1471 1240 1536 Itemin
1264 1470 1348 1536 festo

158 1581 226 1646 divi
249 1579 399 1645 Ledislai
423 1601 483 1664 pro
506 1579 614 1645 officio
638 1583 660 1644 4
683 1579 740 1645 sol.
764 1579 835 1644 den.
869 1581 955 1645 Item
980 1581 1114 1664 pedollis
1140 1583 1157 1641 7
1183 1600 1225 1644 cr.
1259 1580 1346 1644 Item
1372 1580 1474 1655 ‚1⁵082

157 1711 221 1772 pro
245 1688 367 1754 cedulis
390 1688 570 1754 scribendis
593 1690 616 1752 4
632 1710 675 1753 cr.
693 1686 835 1770 Singulis
852 1688 1049 1772 computatis
1066 1709 1126 1772 ego
1142 1687 1233 1770 Mag.
1250 1687 1275 1752 J
1277 1709 1350 1752 aco·
1366 1661 1377 1709 ³

1383 1645 1428 1696 riu.
1449 1653 1492 1698 27.

159 1798 223 1863 bus
246 1799 432 1881 presentari
456 1799 636 1864 successori
659 1819 730 1863 meo
753 1797 931 1862 venerabili
955 1799 1025 1862 viro
1049 1797 1140 1881 Mag.
1171 1795 1349 1862 Ambrosio

158 1903 294 1971 Salczer
318 1906 357 1970 de
382 1905 543 1990 Sopronio
568 1910 586 1970 9
611 1905 681 1971 flor.
705 1905 923 1988 Ungericales
947 1912 981 1971 et
1007 1911 1022 1969 1
1053 1905 1122 1970 flor.
1155 1905 1349 1984 Renensem‚

161 2021 206 2080 20
231 2015 289 2081 sol.
313 2016 385 2081 den.
409 2021 443 2080 et
468 2019 509 2080 14
534 2015 605 2080 den.
628 2013 768 2094 Wienn.‚
798 2013 1004 2098 presentibus
1036 2014 1157 2080 ibidem
1181 2013 1349 2079 venerabi-

158 2123 247 2190 libus
286 2125 364 2188 viris
398 2129 432 2189 et
464 2126 632 2206 magistris
666 2125 756 2207 Mag.
790 2123 1008 2202 Panneciano,
1047 2122 1137 2206 Mag.
1176 2123 1348 2188 Dominico

159 2229 286 2298 Albino
319 2255 359 2298 ex
392 2230 570 2299 Sweidnioa
603 2239 636 2298 et
667 2230 757 2316 Mag.
789 2232 971 2298 Melchiore
1003 2229 1074 2296 Oall
1099 2251 1138 2296 ex
1161 2231 1349 2312 Oascbovia,

158 2361 249 2406 anno
273 2339 409 2407 Domini
432 2341 604 2407 millesimo
628 2341 891 2424 quingentesimo
916 2345 1039 2405 octavo.

688 2504 768 2566 (1508
788 2502 836 2564 Π.)

270 2607 342 2696 Ego
375 2611 485 2694 Meg.
518 2611 788 2678 Ambrosius
818 2610 1004 2678 Salczer
1028 2611 1351 2698 Soproniensis

160 2721 312 2804 presenti
345 2719 563 2804 chirographo
598 2741 792 2803 recognosco
825 2719 886 2786 bec
917 2719 1096 2786 inmediete
1128 2723 1352 2806 suprascripta

157 2849 212 2893 me
237 2829 409 2912 recepisse,
434 2829 641 2913 presentibus
666 2829 744 2894 viris
760 2829 998 2894 venerabilibus
1023 2828 1162 2896 dominis
1185 2831 1352 2912 magistris

158 2936 452 3021 supraassignatis‚
477 2957 563 3001 anno
586 2941 624 3000 ut
648 2958 758 3020 supra.

270 3041 416 3128 Singulis
441 3045 613 3111 calculatis
637 3067 696 3128 ego
720 3045 811 3129 Mag.
844 3042 1041 3112 Ambrosius
1065 3043 1195 3112 Salczer
1220 3047 1293 3112 dedi
1317 3049 1351 3113 in

158 3175 277 3224 manus
294 3154 487 3221 venerabilis
503 3155 565 3219 viri
581 3154 672 3238 Mag.
687 3154 853 3220 Dominici
879 3151 996 3220 Albini
1012 3177 1052 3220 ex
1068 3153 1221 3238 Sveynitz
1245 3161 1264 3220 9
1282 3156 1352 3224 flor.

157 3259 389 3345 Ungaricales
416 3267 432 3327 1
458 3262 528 3327 flor.
552 3261 737 3328 Renensem
758 3285 830 3328 cum
856 3267 874 3326 3
901 3262 1034 3330 talentis
1057 3263 1092 3328 in
1114 3266 1284 3348 presencia
1300 3287 1351 3331 ve-

156 3369 358 3436 nerabilium
383 3371 528 3436 virorum
550 3369 640 3454 Mag.
674 3368 795 3436 Jacobi
825 3369 1020 3451 Vexilliferi‚
1045 3369 1135 3452 Mag.
1159 3369 1351 3437 Melchioris

157 3500 198 3543 ex
232 3475 420 3560 Oaschovia,
454 3477 544 3562 Mag.
577 3475 717 3544 Fabiani
749 3477 918 3542 Kendeler
952 3499 992 3544 ex
1023 3477 1112 3558 Han,
1144 3499 1229 3543 anno
1256 3483 1350 3546 1509.

694 3641 776 3703 (rsoo
796 3640 828 3701 Ι.)

267 3760 315 3830 Et
345 3787 404 3848 ego
427 3767 528 3848 Mag.
563 3765 791 3832 Dominicus
815 3765 985 3832 Albinus
1010 3789 1053 3831 ex
1078 3765 1351 3850 Schweydnicz

154 3873 318 3958 profiteor
341 3875 402 3940 boc
426 3895 499 3939 meo
523 3875 717 3960 idiographo
742 3895 780 3940 ea
805 3876 922 3955 omnia,
948 3875 998 3939 uti
1014 3876 1276 3959 suprascriptum
1293 3880 1352 3956 est,

154 3984 332 4067 recepisse.

265 4089 418 4173 Expendi
434 4097 573 4174 propter
592 4091 735 4155 nationis
752 4090 962 4172 commodum,
979 4112 1043 4174 que
1060 4090 1246 4173 subscripta
1259 4095 1354 4165 sunt:

153 4199 245 4264 Item
270 4219 330 4282 pro
355 4200 527 4283 apertione
551 4199 721 4264 cuiusdam
745 4200 880 4263 armarii
905 4203 938 4262 et
961 4199 1050 4263 clave
1073 4199 1106 4278 in
1130 4197 1256 4263 ambitu
1273 4197 1352 4262 Pre-

154 4307 352 4384 dicatorum,
377 4307 465 4390 quod
489 4329 548 4390 per
573 4308 702 4372 eosdem
727 4305 847 4372 fratres
867 4305 1037 4372 ferebatur
1053 4307 1221 4390 pertinere
1239 4305 1280 4369 ad
1296 4327 1352 4370 na.

155 4417 287 4484 cionem
310 4421 468 4497 nostram,
494 4420 512 4479 3
539 4438 582 4480 cr.
617 4415 669 4482 De
701 4415 763 4480 hoo
795 4415 935 4481 fortasse
962 4415 1058 4499 plura
1082 4415 1115 4478 in
1140 4413 1352 4496 sequentibus

151 4525 416 4593 annotabuntur.
434 4521 439 4604 Ι
462 4525 550 4589 Item
566 4545 625 4608 pro
641 4523 819 4590 refectione
836 4523 1046 4588 candelarum
1057 4524 1276 4606 spectantium
1286 4543 1346 4604 pro
1366 4551 1414 4606 fol.
1431 4553 1499 4604 ms

152 4635 302 4722 exequiis
336 4639 378 4702 20
412 4633 468 4700 tal.
493 4654 575 4702 nove
599 4653 681 4715 cere,
720 4632 849 4717 singula
882 4632 937 4698 tal.
961 4653 1020 4719 pro
1043 4635 1089 4698 44
1112 4630 1186 4698 den.
1213 4625 1348 4696 Summa
