3334 5322
1314 397 1378 464 239

187 593 274 662 dnm
302 595 556 665 instrumentum
581 603 663 683 aput
678 596 799 664 fratres
815 595 1045 664 Predicatores
1065 598 1098 664 in
1115 598 1275 664 vestibulo
1291 597 1381 664 chori

190 705 350 788 locatum,
360 707 395 772 in
405 707 651 791 quodmaiores
661 706 795 772 candele
811 705 1071 790 continebantur,
1082 707 1260 774 minoribus
1270 713 1379 774 tamen

189 817 227 896 4,
244 836 307 899 que
330 815 507 882 maioribus
522 812 640 900 prefigi
656 817 761 882 solent
777 817 811 881 in
827 838 886 882 usu
904 837 1025 898 aarum,
1042 817 1173 882 minime
1198 817 1379 901 perceptis3

188 929 349 1006 preterea
366 927 409 990 24
426 947 537 991 cereos
560 947 621 1009 pro
637 925 759 991 honore
774 927 921 991 nacionis
936 923 1050 990 haberi
1069 925 1179 990 solitos
1195 931 1229 991 61
1244 947 1379 992 consue·

191 1039 256 1098 tos.
280 1033 454 1099 Protestor
469 1041 636 1116 postremo
659 1055 804 1117 pannum
821 1032 1002 1098 funeralem
1019 1053 1070 1098 me
1088 1053 1107 1097 a
1123 1031 1268 1116 sepefato
1287 1033 1377 1115 Mag.

191 1139 377 1222 Anthonio,
400 1162 492 1206 sacre
515 1143 636 1226 pagine
659 1141 854 1221 baccalari0,
878 1139 968 1206 haud
990 1141 1166 1224 suscepisse
1189 1145 1249 1207 611.

304 1247 548 1334 Subsequencia
572 1271 632 1334 ego
654 1238 746 1332 Mag.
768 1249 913 1314 Michael
945 1249 1035 1332 prius
1057 1249 1244 1314 nominatus
1267 1251 1301 1316 in
1325 1271 1376 1316 co·
1396 1261 1443 1316 fol.
1461 1270 1525 1318 105⁸
1568 1225 1570 1232 Ι

192 1357 330 1423 modum
354 1365 388 1424 61
412 1381 507 1425 usum
539 1361 685 1424 nacionis
712 1359 826 1423 ordine
850 1358 1054 1442 dispensavi:
1078 1357 1164 1424 Item
1199 1379 1378 1425 sermonem

192 1485 257 1547 ego
280 1467 349 1549 ipse
365 1467 399 1532 in
414 1468 563 1551 profesto
585 1468 672 1550 regis
691 1465 840 1532 Ladielai
863 1465 935 1531 feci.
959 1465 1047 1531 Item
1072 1487 1132 1549 pro
1148 1465 1298 1546 candelis,
1315 1489 1379 1550 que
1404 1451 1522 1581 5:233·

192 1572 321 1655 prefixa
344 1582 378 1640 et
401 1597 525 1640 annexe
548 1575 728 1640 maioribus
752 1573 843 1638 fuere
867 1575 954 1640 inter
977 1575 1175 1640 cantandum
1193 1574 1322 1656 vigilias
1346 1581 1379 1640 et

193 1681 425 1748 celebrandum
439 1686 570 1749 missam
580 1683 808 1748 destructorum
819 1681 860 1747 ob
871 1683 1079 1765 refrigerium
1096 1683 1281 1748 animarum
1292 1681 1378 1747 dicte

194 1791 325 1856 nacioni
340 1793 632 1875 incorporatarum,
642 1812 706 1876 que
722 1797 853 1875 peracte
869 1797 946 1856 sunt
960 1792 1029 1874 ipso
1043 1789 1097 1855 die
1112 1791 1188 1855 lune
1204 1789 1380 1856 inmediate

194 1898 392 1977 precedente
414 1900 533 1964 festum
551 1899 707 1983 Corporis
726 1899 900 1979 Dominici,
924 1899 1053 1964 nomine
1077 1899 1222 1963 nacionis
1241 1897 1378 1980 Hunga-
1413 1881 1513 2011 ᾶζζιῃέ

197 2005 267 2070 rice
290 2027 351 2090 pro
373 2007 437 2072 illis
462 2008 605 2073 candelis
628 2012 769 2093 protunc
792 2009 914 2074 exustis
938 2009 1072 2092 exposui
1098 2011 1137 2072 15
1163 2005 1235 2072 den.
1252 2005 1379 2084 Vienn.‚

195 2115 276 2196 quia
299 2114 445 2196 deerant,
462 2116 736 2201 quemadmodum
760 2117 850 2200 prius
866 2117 973 2198 tetigi,
988 2120 1010 2181 4
1026 2117 1167 2180 minores
1190 2114 1283 2180 solite
1307 2135 1380 2198 pre·

194 2221 263 2303 figi.
296 2223 384 2287 Item
406 2223 566 2288 ministris
590 2225 679 2290 dicta
703 2224 936 2304 anniversaria,
960 2222 1088 2305 vigilias
1112 2228 1146 2287 et
1169 2222 1380 2288 solennitates

195 2327 379 2396 colentibus
403 2330 477 2396 dedi
503 2336 522 2395 3
547 2331 604 2396 sol.
621 2331 694 2397 den.
717 2332 760 2397 In
784 2331 836 2396 die
860 2336 972 2396 autem
995 2331 1100 2398 sancti
1123 2330 1271 2395 Ladislai
1294 2332 1380 2411 regis

197 2457 260 2518 pro
284 2437 516 2506 decantacione
540 2461 746 2524 vesperorum
772 2445 806 2506 et
829 2439 936 2505 officio
960 2439 1101 2523 publico,
1124 2439 1164 2504 ob
1191 2439 1259 2504 eius
1282 2439 1381 2502 hono·
1407 2421 1525 2549 jffl}

194 2568 274 2628 rem,
298 2547 375 2614 dedi
396 2549 489 2614 4sol.
506 2549 577 2614 den.
600 2549 688 2614 Item
712 2547 849 2614 bedellis
871 2553 894 2614 4
917 2569 974 2631 gr„
998 2569 1058 2631 pro
1081 2545 1253 2612 frondibus
1277 2545 1382 2612 stallis

199 2653 309 2720 affixis
333 2660 354 2720 4
379 2654 460 2737 den,
484 2657 648 2740 portatori
671 2679 756 2738 vero,
779 2656 933 2722 videlicet
955 2655 1078 2720 famulo
1111 2653 1241 2734 bedelli,
1266 2659 1285 2719 3
1310 2653 1382 2719 den.

203 2819 208 2828 .
305 2763 378 2847 llgo
395 2764 485 2848 Mag.
501 2765 645 2830 Michael
661 2787 701 2830 ex
718 2763 923 2848 Schespurck
939 2765 1051 2845 vigore
1074 2760 1236 2844 presentis
1259 2761 1381 2842 scripti,

194 2870 335 2952 singulis
357 2869 529 2937 defalcatis
554 2877 587 2937 et
609 2871 821 2953 defaloandis‚
846 2869 969 2936 tradidi
1003 2867 1133 2950 singula
1159 2868 1287 2932 noviter
1310 2887 1382 2950 pre·

193 2979 306 3059 missa,
331 2981 350 3041 3
374 2977 526 3045 videlicet
548 3001 664 3046 aureos
687 2979 939 3063 Hungaricules,
965 2981 1006 3042 18
1029 2977 1086 3042 sol.
1106 2981 1139 3041 61
1163 2979 1205 3040 20
1229 2973 1311 3057 den,
1329 2994 1382 3038 ve-

193 3085 337 3150 nerabili
360 3085 451 3169 Mag.
468 3085 651 3156 Venceslao
676 3109 716 3154 ex
738 3081 894 3168 Budveilt
918 3086 951 3149 in
968 3083 1020 3149 die
1036 3082 1211 3150 Oolmanni
1234 3082 1381 3146 martiris

194 3201 339 3278 protunc
354 3196 387 3260 in
404 3202 651 3279 procuratorem
668 3198 756 3262 dicte
771 3197 916 3261 nacionis
933 3193 1045 3274 electo,
1064 3191 1272 3276 presentibus
1287 3211 1382 3255 rene-

193 3303 358 3370 rabilibus
374 3303 546 3370 Anthonio
569 3305 700 3388 Pogner
717 3305 758 3370 (16
777 3302 917 3386 Corona,
941 3302 1088 3368 Martino
1112 3300 1152 3364 de
1172 3297 1381 3379 Rackadorff,

193 3413 323 3477 arcium
346 3414 510 3496 magistris
533 3413 720 3497 specialiter
743 3413 785 3478 ad
808 3412 870 3477 hoo
893 3410 1016 3476 vocatis
1040 3415 1072 3474 61
1096 3409 1230 3491 rogatis.

719 3555 799 3616 (1477
819 3553 866 3614 11.)

306 3659 353 3728 Et
376 3685 437 3746 ego
462 3661 734 3728 Wentneslaus
767 3685 811 3728 ex
839 3654 1037 3740 Budweiu
1066 3659 1192 3724 arcium
1215 3657 1381 3740 magister,

195 3771 404 3855 presentibus
436 3791 640 3852 recognosco,
663 3792 714 3834 ma
742 3769 926 3854 percepisse
950 3790 970 3832 a
993 3764 1171 3832 venerabili
1203 3764 1293 3848 Mag.
1317 3763 1382 3830 Mi-

195 3879 311 3944 chaele
334 3879 374 3944 de
399 3875 605 3962 Sohespurck
627 3880 758 3944 nomine
789 3877 936 3942 nacionis
959 3875 1153 3958 Hungarice
1178 3877 1196 3938 3
1220 3872 1290 3937 flor.
1314 3872 1382 3938 Un-

197 3989 483 4072 garicaleset18
512 3989 568 4055 sol.
593 3987 665 4054 den.
689 3993 723 4053 et
756 3993 797 4053 20
822 3988 903 4070 den,
927 4009 1013 4054 anno
1046 3985 1182 4052 Domini
1214 3984 1382 4051 millesimo

196 4094 327 4162 00000
349 4097 486 4163 lxxviii0.

306 4205 380 4288 Ego
403 4205 571 4288 predictus
587 4204 817 4271 Wentzeslaus
833 4203 873 4268 de
889 4197 1052 4284 Budweib‚
1068 4203 1193 4268 arcium
1217 4201 1383 4284 magister,

196 4314 240 4380 de
259 4311 408 4378 omnibus
431 4335 451 4378 a
475 4334 525 4378 mc
548 4314 712 4398 perceptis
737 4312 827 4377 facta
850 4312 986 4392 ratione,
1003 4307 1181 4375 venerabili
1204 4307 1294 4391 Mag.
1311 4307 1383 4375 Ole-

196 4421 300 4486 menti
324 4419 365 4486 de
389 4418 550 4502 Adorian,
583 4421 692 4486 inclite
726 4421 871 4486 nacionis
899 4419 1087 4502 supradicte
1118 4419 1328 4502 procuratori
1350 4418 1384 4482 in

197 4530 252 4596 die
275 4531 380 4596 sancti
404 4530 548 4598 iliburtii
572 4529 686 4610 electo,
711 4529 834 4594 tradidi
857 4527 963 4594 cidem
986 4528 1116 4592 nomine
1139 4527 1284 4592 nacionis
1308 4547 1381 4609 pre·
1415 4526 1507 4610 ‚14781

196 4637 267 4705 fate
292 4643 311 4704 3
337 4639 406 4706 flor.
430 4639 645 4724 [lugarioales
669 4644 702 4705 et
726 4644 767 4704 23
792 4638 944 4704 selden.
969 4642 1001 4702 et
1027 4643 1043 4700 7
1070 4637 1151 4720 den,
1175 4633 1383 4718 presentibus
1411 4610 1470 4663 apr.
1485 4599 1526 4648 Μ’

1430 3067 1507 3126 1477,

1410 3131 1466 3184 okt.
1482 3140 1523 3184 13.
