3324 5326
361 473 426 542 274

218 667 266 725 fol.
283 670 348 724 11⁵b
470 673 560 756 Mag.
571 669 767 740 Cristannus
778 647 1012 738 Borbandinus
1032 667 1254 764 exEnyedino
1265 669 1450 740 oracionem
1466 665 1545 736 fecit

364 783 469 867 gratis
493 785 526 849 in
550 783 707 850 honorem
732 784 799 850 divi
823 783 973 850 Ladislei
997 781 1084 866 regis
1108 783 1272 868 quondam
1296 783 1478 866 Hungarie.

468 893 630 978 Exposita
661 893 695 958 in
733 894 929 978 procuracia
967 891 1163 958 venerabilis
1195 893 1256 958 viri
1287 894 1377 978 Meg.
1411 891 1544 958 Osvaldi
1632 937 1633 962 0

362 995 525 1065 Sawmer:
559 999 645 1066 Item
678 1000 948 1066 Predicatoribus
981 1022 1039 1086 pro
1072 1001 1191 1084 vigiliis
1224 1007 1257 1066 et
1289 999 1397 1066 officio
1430 1000 1544 1066 defun-

363 1114 491 1173 ctorum
516 1107 573 1172 sol.
590 1113 619 1189 4,
635 1107 772 1174 bedellis
789 1130 831 1173 er.
851 1111 880 1190 7,
896 1129 956 1192 pro
982 1113 1141 1191 quattuor
1156 1107 1424 1174 intimecionibus
1451 1130 1493 1173 cr.
1518 1111 1544 1172 4.

221 1201 346 1334 joblssii.
365 1215 452 1281 Item
475 1217 509 1281 in
532 1216 618 1282 festo
641 1217 709 1280 divi
732 1215 881 1282 Ledislai
897 1216 1166 1282 Prodicatoribus
1183 1217 1240 1282 sol.
1256 1220 1285 1296 4,
1302 1215 1431 1281 bedello
1447 1215 1545 1280 lacul-

365 1327 444 1390 tatis
468 1326 594 1391 arcium
617 1347 676 1410 pro
710 1325 839 1392 duabus
871 1326 1138 1392 intimacionibns
1162 1348 1206 1392 cr.
1230 1331 1259 1408 2,
1285 1325 1423 1392 bedellis
1450 1347 1496 1392 cr.
1520 1327 1545 1389 7.
1632 1315 1633 1342 l

365 1431 452 1498 Item
477 1433 605 1498 bedello
631 1436 649 1496 3
674 1455 718 1498 cr.

473 1541 521 1606 Et
545 1565 604 1626 ego
629 1541 720 1627 Mag.
737 1539 900 1608 Osvaldus
925 1539 1080 1623 Sawmer,
1105 1541 1194 1607 facto
1211 1541 1344 1623 calculo,
1362 1541 1480 1625 reliqui
1495 1563 1544 1606 ve·
1632 1529 1633 1546 ¹

366 1649 505 1717 nerabili
528 1651 598 1716 viro
621 1651 711 1734 Mag.
745 1649 918 1716 Loonardo
952 1648 1149 1730 Dobrohost,
1182 1649 1353 1715 licenciato
1377 1650 1545 1732 utriusque

363 1758 459 1842 juris,
477 1760 749 1839 successorium,
768 1763 809 1822 10
826 1759 897 1824 flor.
921 1757 1136 1840 Ungaricales
1158 1758 1192 1821 in
1205 1779 1286 1822 auro
1303 1780 1394 1841 puro,
1421 1763 1460 1822 13
1478 1755 1543 1822 flor.

367 1866 537 1934 Renenses
562 1875 596 1933 et
623 1873 662 1931 10
679 1889 732 1950 cn,
749 1867 958 1952 presentibus
975 1865 1097 1932 ibidem
1113 1866 1355 1932 venerabilibus
1368 1867 1446 1931 viris
1460 1865 1546 1947 Mag.

369 1973 545 2041 Ambrosio
562 1973 681 2056 Salzer‚
699 1997 792 2041 sacre
817 1973 982 2056 theologie
1007 1973 1189 2056 licenciato,
1213 1979 1355 2057 protunc
1381 1972 1547 2038 facultatis

368 2083 492 2148 arcium
526 2083 658 2164 decano,
691 2082 781 2166 Mag.
814 2082 944 2148 Jacobo
967 2080 1163 2149 Vexillil'ero
1206 2081 1428 2162 Transilvano,
1463 2081 1547 2164 Mag.

370 2191 548 2258 Melchiore
564 2240 571 2258 .
588 2241 596 2256 .
612 2187 649 2273 .¹)
665 2188 877 2274 (lemoviensi,
903 2191 994 2276 Mag.
1010 2191 1036 2256 J
1037 2212 1142 2256 oanne
1166 2189 1349 2267 Aurifabri,
1366 2189 1458 2273 Mag.
1481 2187 1546 2254 Cri·
1632 2205 1633 2210 ¹

256 2279 332 2338 1520,

231 2345 288 2399 okt.
309 2353 351 2397 Ἀ
370 2306 488 2365 stanno
504 2299 727 2374 Borbandino
751 2299 876 2400 Actum
892 2299 945 2364 die
963 2305 1015 2366 26.
1030 2296 1185 2366 Octobris
1202 2321 1288 2364 anno
1305 2297 1438 2363 Domini
1459 2301 1548 2362 1520.

883 2434 964 2494 (1520
983 2434 1032 2494 Π.)

478 2541 830 2626 EgoLeonardus
848 2521 1414 2624 DobrohostdeGemnitn
1433 2544 1548 2608 artium

370 2651 526 2736 magister
543 2657 576 2715 et
589 2652 674 2734 juris
691 2652 865 2735 utriusque
881 2653 1084 2732 licenciatus,
1100 2651 1208 2715 fateor
1224 2672 1283 2734 per
1299 2657 1469 2734 presentes
1484 2673 1550 2735 pre·

371 2757 474 2824 fatam
499 2781 657 2825 summam
691 2781 712 2825 a
742 2759 921 2826 venerabili
954 2759 1024 2824 viro
1048 2759 1139 2842 Mag.
1165 2756 1309 2824 Osvaldo
1333 2759 1482 2824 Zawmer
1504 2779 1549 2822 me
1631 2831 1632 2834 Ἴ

372 2870 555 2952 percepisse
579 2869 613 2932 in
637 2868 806 2951 presentia
822 2867 1028 2932 dominorum
1052 2868 1286 2952 predictorum.
1310 2867 1433 2933 Actum
1458 2867 1508 2932 die
1521 2871 1548 2929 el

234 2950 291 3066 012?
293 2949 354 3065 ²2¹6·
374 2996 459 3040 0000
484 2996 548 3059 quo
571 2995 681 3058 supra.

481 3083 554 3166 Ego
577 3082 769 3150 Leonardns
793 3081 983 3148 Dobrohost
1007 3081 1046 3148 de
1063 3082 1226 3165 Gemuitz,
1251 3085 1374 3149 artium
1398 3083 1550 3166 magister

374 3199 408 3256 et
424 3191 599 3274 utriusque
612 3191 695 3273 juris
712 3191 910 3272 licentiatus,
934 3191 1071 3274 singulis
1099 3193 1307 3276 computatis,
1323 3191 1447 3275 reliqui
1463 3190 1549 3254 Dom.

374 3297 463 3382 Mag.
487 3297 612 3364 Thome
628 3297 716 3381 Wal,
740 3301 920 3366 successori
936 3319 1017 3382 meo,
1037 3304 1078 3364 10
1095 3299 1163 3366 flor.
1181 3299 1397 3383 Ungaricales
1420 3301 1455 3363 in
1477 3319 1550 3362 auro

374 3411 407 3470 ct
433 3411 472 3472 13
497 3409 624 3473 talenta
656 3407 689 3471 in
722 3413 854 3473 moneta
886 3413 920 3472 et
953 3412 971 3472 5
1007 3407 1062 3473 sol.
1095 3406 1175 3488 (100,
1208 3407 1414 3490 presentibus
1438 3405 1550 3471 ibidem

375 3516 615 3581 venerabilibus
639 3515 717 3580 viris
741 3515 835 3580 Dom.
869 3515 1047 3582 Ambrosio
1081 3513 1218 3595 Saltum,
1251 3516 1375 3580 arcium
1399 3513 1550 3596 magistro
1630 3509 1631 3522 ¹

377 3627 409 3690 et
434 3622 597 3706 theologie
620 3623 798 3705 licentiato,
823 3623 913 3706 Mag.
938 3622 1081 3690 Osvaldo
1106 3623 1264 3703 baumer,
1288 3623 1378 3705 Mag.
1405 3621 1550 3686 Jobanne

376 3731 560 3797 Aurilabro
577 3737 610 3796 et
626 3731 716 3814 Mag.
733 3731 912 3796 Francisco
930 3731 1157 3798 Transilvano.
1182 3731 1281 3796 Anno
1303 3730 1437 3795 Domini
1462 3731 1551 3792 1521.

907 3877 985 3938 (1521
1006 3875 1040 3938 1.)

485 3981 557 4069 Ego
581 3984 689 4069 Mag.
721 3985 909 4053 Thomas
941 3985 1349 4052 WallOibinianus
1373 3983 1477 4049 fateor
1501 4001 1555 4064 per
1629 4037 1630 4082 3

378 4099 545 4178 presentes
583 4095 747 4178 prefatam
786 4117 944 4161 summam
977 4095 1019 4160 ab
1051 4095 1320 4160 excellentissimo
1345 4093 1428 4158 .viro
1464 4089 1554 4156 Dom.

379 4203 570 4269 Lioenciato
594 4203 791 4269 Leonhardo
825 4205 1015 4270 Dobrohost
1039 4225 1090 4270 me
1122 4205 1306 4288 percepisse
1338 4204 1373 4267 in
1396 4199 1534 4284 present'

381 4311 585 4377 dominorum
607 4313 836 4396 predictorum.
860 4313 983 4378 Actum
1008 4333 1094 4377 anno
1119 4305 1180 4396 [et]
1206 4311 1259 4376 die
1282 4316 1320 4376 ut
1345 4329 1451 4394 supra.

488 4419 649 4504 Exposita
665 4422 699 4485 in
715 4421 906 4505 procuratis
922 4420 1013 4503 Mag.
1031 4421 1156 4504 Thomo
1175 4419 1266 4484 Wall
1276 4417 1472 4485 Oibiniensis
1483 4422 1556 4481 etc:

382 4528 469 4592 ltem
494 4527 765 4593 Predicatoribus
788 4551 847 4612 pro
871 4527 990 4610 vigiliis
1007 4534 1040 4593 et
1064 4527 1172 4594 officio
1196 4527 1425 4594 defunctorum
1448 4523 1507 4590 sol.
1530 4525 1557 4589 4.

492 4727 510 4787 ¹)
530 4727 554 4776 Α
576 4722 655 4776 00011
673 4725 725 4775 nav
746 4723 783 4776 itt
802 4723 824 4776 is
843 4725 953 4778 torrllve
972 4741 1035 4778 van.
