3334 5322
873 565 955 626 (1470
974 563 1022 626 II.)

462 681 557 745 1470.
590 673 661 762 Ego
684 677 784 761 Mag.
808 679 1015 744 Emericus
1040 678 1086 743 de
1110 675 1339 761 Gzestregh,
1362 677 1535 743 canonieus

351 789 484 855 ecclesie
508 786 750 872 strigoniensis
774 790 883 874 recepi
908 787 1120 854 evenerabili
1144 792 1178 854 et
1201 788 1331 872 egregio
1347 790 1417 853 viro
1440 788 1536 855 Dom.

351 899 495 982 Georgia
518 899 558 965 de
583 898 683 968 Nissa
698 903 720 964 4
737 899 805 966 flor.
822 901 895 966 6611
918 901 1025 966 161666
1050 904 1091 965 39
1117 899 1199 980 den,
1221 904 1235 960 1
1254 898 1324 964 flor.
1344 899 1440 964 solvit
1464 921 1535 964 cum

351 1009 460 1092 parvis
484 1005 627 1072 denariis
651 1007 692 1072 de
716 1007 816 1073 111164
834 1008 912 1090 flor,
929 1031 1003 1074 cum
1026 1008 1100 1074 aliis
1123 1007 1222 1074 rebus
1247 1007 1288 1073 ad
1312 1009 1535 1092 procuraciam

351 1117 496 1184 nacionis
520 1115 695 1199 Hungarie
719 1117 970 1201 pertinentibus,
995 1116 1146 1182 videlicet
1169 1113 1315 1182 ladulam
1338 1137 1438 1182 unam
1463 1139 1535 1181 cum
1585 1092 1592 1112 ⁶

350 1229 459 1294 rotulo
483 1233 516 1293 et
540 1247 648 1310 panno
673 1226 823 1308 funerali,
848 1247 886 1292 66
910 1224 1038 1292 duobus
1062 1225 1134 1291 aliis
1157 1225 1293 1306 libellis;
1316 1226 1350 1290 in
1374 1245 1439 1290 uno
1465 1245 1536 1290 con-

350 1339 475 1404 tinetur
498 1337 645 1421 hystoria
668 1339 774 1402 saneti
798 1337 884 1420 regis
907 1335 1066 1416 Ladislai,
1089 1337 1124 1402 in
1147 1335 1212 1401 alio
1235 1357 1310 1401 vero
1334 1335 1468 1402 nomina
1490 1335 1537 1398 in·

351 1447 579 1526 titulatorum3
612 1447 690 1510 item
714 1445 805 1510 dedit
829 1467 928 1510 unam
960 1467 1066 1510 seram
1099 1465 1171 1511 eum
1204 1443 1317 1510 ladula
1340 1448 1373 1509 et
1396 1448 1537 1527 quatuor

352 1556 506 1622 clavibus.
539 1555 614 1620 Hee
636 1555 821 1638 prescripta
845 1553 935 1618 dedit
958 1549 1103 1637 coram1)
1127 1553 1370 1620 honorabilium
1392 1553 1537 1618 virorum

352 1665 621 1749 subscriptorum,
636 1663 788 1730 videlieet
811 1665 907 1730 Dom.
922 1663 1081 1745 Ladislai,
1097 1663 1276 1729 baccalarii
1291 1663 1332 1729 de
1342 1661 1536 1740 waradino,

352 1795 461 1840 coram
485 1773 646 1853 Emerico,
679 1770 867 1838 baccalario
891 1773 932 1839 de
961 1771 1060 1852 Zeek,
1092 1770 1277 1838 Laurentio
1310 1770 1350 1836 de
1383 1767 1536 1848 Morosio,

351 1881 489 1948 Andrea
513 1857 553 1947 de
577 1879 693 1947 Soklos
717 1887 750 1946 et
773 1880 928 1947 Ladialao
952 1882 992 1946 de
1017 1879 1223 1964 Doroghaza.
1251 1877 1325 1946 Hee
1348 1879 1439 1948 facta
1463 1881 1536 1943 sunt

210 1961 331 2082 „3⁷33
350 1991 383 2055 in
408 1989 459 2056 die
482 1991 586 2056 sancti
610 1987 746 2056 Andros
771 1989 919 2074 apostoli.

881 2133 959 2194 (1471
981 2132 1015 2193 Ι.)

462 2237 559 2306 1471.
592 2242 666 2326 Ego
691 2241 791 2325 Mag.
808 2241 1058 2308 Walentinus
1081 2242 1128 2308 de
1151 2239 1417 2319 Veresmartb‚
1442 2261 1536 2304 cano·

350 2351 443 2415 nicus
474 2350 608 2415 ecclesie
641 2340 883 2432 Strigoniensis,
913 2351 997 2416 sacri
1026 2350 1111 2433 juris
1144 2350 1292 2414 canonici
1323 2347 1536 2428 baccalarius,

351 2458 472 2524 electus
495 2459 529 2522 in
552 2463 800 2541 procuratorem
823 2457 937 2523 inclite
959 2458 1104 2524 nacionis
1123 2458 1306 2540 Hungarie,
1331 2455 1536 2521 16116161616

225 2538 323 2674 ἐέΐῖᾎ
351 2566 500 2651 proxima
522 2571 600 2630 ante
624 2566 743 2631 festum
760 2566 908 2632 Tiburcii
931 2572 965 2632 61
980 2566 1162 2648 Valeriani,
1185 2567 1293 2650 recepi
1316 2585 1338 2630 a
1360 2562 1536 2630 venerabili

353 2673 443 2756 Mag.
459 2673 612 2738 Emerico
630 2672 671 2738 de
687 2672 851 2758 Ozeztreg
869 2675 1025 2740 canonico
1048 2672 1275 2757 Strigoniensi,
1291 2672 1382 2738 faeta
1396 2674 1534 2752 racione,

354 2787 372 2846 3
398 2781 468 2846 flor.
492 2779 734 2863 Hungaricales
757 2783 832 2866 puri
856 2782 938 2864 auri,
965 2785 1003 2846 19
1030 2781 1289 2848 6611666123
1315 2781 1388 2846 den.
1403 2778 1534 2846 Wienm

352 2889 438 2956 Item
462 2887 583 2954 librum
606 2889 714 2970 rotuli,
738 2889 772 2954 in
795 2911 860 2974 quo
884 2891 1096 2955 eontinentur
1119 2891 1251 2956 nomina
1283 2888 1533 2967 intitulatorum,

351 2999 384 3063 in
417 2997 531 3081 pulcra
563 2997 716 3080 ligatura.
754 2997 841 3062 Item
870 2999 925 3063 alii
950 2998 1014 3064 duo
1038 2996 1149 3080 libelli,
1172 2999 1341 3064 continens
1351 2991 1379 3081 ⁹)
1403 2995 1532 3062 nomina

351 3106 603 3188 intitulatorum,
621 3105 704 3170 alius
721 3107 866 3171 continet
881 3107 1030 3172 istoriam
1050 3108 1155 3174 saneti
1177 3107 1263 3190 16316
1278 3105 1441 3186 Ladislai3
1457 3105 1533 3169 item

351 3213 496 3280 ladulam
520 3219 553 3279 et
585 3233 731 3298 pannum
755 3214 937 3280 funeralem
961 3235 1035 3280 cum
1058 3237 1133 3281 sera
1157 3221 1191 3281 61
1213 3219 1356 3298 quatuor
1380 3212 1532 3292 clavibus,

351 3319 558 3406 presentibus
581 3321 701 3388 ibidem
726 3321 815 3405 Mag.
832 3321 944 3389 Blasio
968 3321 1203 3389 deWaradino
1228 3329 1261 3388 et
1284 3321 1375 3407 Mag.
1391 3319 1533 3405 Georgio

352 3429 391 3495 de
415 3429 537 3512 Bizter,
561 3429 746 3496 Laurentio
771 3431 810 3495 de
834 3425 985 3496 Marusio
1009 3437 1043 3496 et
1066 3429 1238 3497 Anthemio
1262 3432 1302 3496 de
1325 3429 1429 3515 Papa.

206 3543 337 3598 1611661
459 3538 638 3620 Exposita:
661 3537 748 3602 Item
771 3538 806 3602 in
830 3538 1037 3604 solemnitate
1059 3539 1149 3606 beati
1167 3540 1260 3622 ¹regis
1282 3537 1433 3604 Ladislai
1457 3557 1531 3621 qua·

213 3624 331 3755 3³32}
351 3650 428 3710 tuor
452 3644 587 3711 bedellis
610 3648 631 3709 4
656 3667 703 3728 31.
727 3666 786 3728 pro
810 3645 932 3711 honore
956 3652 1026 3713 etl
1053 3669 1101 3730 gr.
1125 3646 1248 3712 famulo
1271 3667 1331 3731 pro
1355 3645 1531 3711 frondibus.

351 3751 438 3818 Item
461 3752 552 3834 Mag.
568 3749 740 3819 Anthonio
765 3753 805 3818 de
823 3751 964 3838 tharha,
981 3757 1037 3840 qui
1061 3755 1139 3821 16611
1162 3776 1355 3832 sermonem,
1372 3755 1452 3839 quia
1475 3774 1530 3838 pro

348 3859 462 3926 labore
485 3882 542 3925 suo
567 3860 692 3944 aliquid
724 3860 844 3926 habere
868 3863 997 3928 omnino
1021 3863 1190 3946 recusarit,
1215 3885 1255 3928 ne
1279 3863 1372 3928 nacio
1402 3863 1531 3945 ingrata

349 3969 508 4050 videatur,
525 3967 630 4034 eidem
655 3967 759 4034 obtuli
782 3969 895 4052 aliqua
917 3970 952 4036 in
975 3970 1085 4036 161616
1111 3975 1152 4036 36
1177 3971 1248 4038 den.
1272 3969 1360 4036 Item
1379 3969 1468 4035 dieto
1484 3968 1531 4034 die

349 4075 509 4142 fratribus
524 4074 792 4143 Predicatoribus
808 4073 848 4160 ¹),
861 4077 934 4143 libr.
957 4078 1046 4144 Item
1061 4081 1095 4144 in
1112 4080 1336 4146 anniversario
1352 4079 1530 4162 supposito·

349 4205 423 4250 rum
439 4185 585 4252 nacionis
602 4185 763 4252 fratribus
780 4186 1051 4255 Predicatoribus
1068 4187 1142 4254 dedi
1159 4193 1178 4253 3
1196 4189 1254 4254 661.
1264 4189 1346 4270 den,
1361 4189 1441 4271 quia
1457 4209 1528 4252 can-

349 4297 465 4357 tarunt
475 4293 602 4376 vigilias
613 4299 645 4359 et
656 4296 787 4361 missam
796 4294 1036 4363 defunctorum.
1047 4297 1134 4362 Item
1151 4319 1211 4382 pro
1221 4295 1468 4364 refformaeione
1480 4315 1529 4358 sex

351 4399 559 4466 candelarum
576 4403 738 4470 minorum
754 4403 829 4469 dedi
844 4407 888 4470 44
905 4405 976 4471 den.
994 4411 1026 4470 61
1041 4409 1063 4471 4
1079 4405 1151 4472 den.
1166 4428 1226 4491 pro
1243 4412 1402 4491 apertura
1416 4403 1528 4472 ladule.

460 4560 481 4696 ἐξ
498 4561 530 4684 ἓ
543 4558 815 4692 lijbtibisllokesetek
834 4561 940 4619 inkabb
961 4560 1009 4616 »ia
1024 4562 1220 4638 presencia-t
1237 4563 1427 4623 nivennensi.
