3330 5324
337 441 403 501 358

336 639 423 705 ficali
456 639 523 720 ritu
557 638 641 718 fecit,
676 643 849 722 praesente
882 655 1003 716 magna
1035 633 1193 698 nobilium
1219 630 1432 714 Ungarorum
1456 629 1519 694 fre·

337 751 482 832 quentia,
499 768 538 812 ea
555 745 757 824 celebritate,
774 765 839 829 qua
855 744 897 810 ab
921 743 1090 809 hominum
1112 741 1268 807 memoria
1290 739 1325 807 iu
1350 738 1517 806 academia

337 881 402 924 non
426 857 490 922 fuit
513 858 626 922 maior.

858 1055 938 1116 <reas
958 1053 1006 1116 n.)

142 1253 147 1270 ,
191 1170 322 1309 mh&
445 1181 542 1250 Anno
575 1185 709 1251 Domini
743 1143 966 1264 MDOXXV,
999 1205 1110 1249 mense
1143 1181 1291 1264 Octobri,
1316 1205 1377 1266 ego
1402 1181 1520 1266 Sigis-

230 1314 286 1368 okt.
337 1294 499 1360 mundus
533 1291 697 1376 Geisler‚
725 1292 961 1386 'philosophiae
1000 1313 1039 1357 ac
1076 1292 1256 1358 medicinae
1296 1294 1414 1359 doctor
1453 1298 1519 1372 etc,

334 1405 456 1472 electus
496 1428 567 1470 sum
609 1408 642 1470 in
684 1409 933 1489 procuratorem
967 1403 1109 1486 inclytae
1142 1404 1287 1468 nationis
1320 1403 1517 1486 Ungaricae,

334 1515 450 1580 deinde
466 1515 653 1580 immediate
677 1514 862 1598 posthanc
886 1511 1077 1578 electionem
1101 1534 1160 1578 nos
1183 1519 1327 1596 quatuor
1350 1514 1518 1578 nationum
1610 1505 1612 1510 ’

334 1631 567 1707 procuratores
591 1623 747 1704 elegimus
763 1623 797 1686 in
814 1621 991 1688 Rectorem
1007 1622 1230 1686 universitatis
1246 1627 1380 1686 nostrae
1396 1623 1519 1704 magni-

333 1733 440 1814 ficum,
458 1731 633 1798 admodum
649 1731 863 1796 reverendum
880 1731 1048 1796 dominum
1072 1731 1167 1796 Dom.
1193 1731 1333 1796 Paulum
1358 1731 1519 1810 Piirsium,

334 1845 563 1907 sacrosanctae
580 1839 765 1924 theologiae
782 1839 958 1920 doctorem,
975 1841 1264 1924 prothonotarium
1281 1837 1519 1924 Apostolicum,

335 1971 448 2015 sacrae
471 1949 654 2014 Caesareae
680 1949 872 2030 Majestatis
896 1949 1127 2030 consiliarium,
1146 1951 1337 2014 canonicum
1354 1949 1520 2015 Vratisla-

335 2060 476 2123 iriensem
510 2080 549 2124 ac
582 2057 743 2124 decanum
776 2060 810 2122 in
843 2057 1043 2123 Mistelbach
1077 2051 1312 2142 dignissimum.
1346 2057 1405 2124 Ab
1429 2064 1519 2124 ante-

335 2189 469 2248 cessore,
487 2165 590 2231 Patre
606 2166 782 2232 admodum
798 2167 978 2233 reverendo
995 2165 1020 2231 J
1023 2187 1128 2232 caune
1149 2165 1318 2246 Trescher,
1343 2165 1519 2232 Societatis

335 2276 360 2341 J
362 2298 418 2340 esu
442 2255 643 2360 presbytero,
661 2273 810 2340 Graecae
828 2275 959 2357 linguae
974 2275 1010 2340 in
1026 2275 1089 2342 hac
1105 2279 1320 2343 universitate
1337 2276 1519 2360 professore

334 2385 501 2450 ordinario
525 2389 596 2465 etc,
620 2385 730 2468 accepi
754 2384 875 2449 librum
900 2390 934 2448 et
958 2387 1092 2466 cistam3
1125 2385 1166 2450 de
1189 2387 1328 2468 pecunia
1361 2385 1454 2449 nihil.
1477 2385 1518 2450 In

335 2495 398 2560 isto
413 2515 504 2559 meae
521 2493 817 2558 administrationis
834 2493 984 2558 semestri
1000 2495 1107 2577 spatio
1124 2495 1204 2559 haec
1221 2499 1314 2577 gesta
1329 2499 1425 2559 sunt:

441 2605 563 2668 Diaeta
588 2605 654 2668 sive
678 2604 816 2668 comitiis
841 2601 993 2688 Sopronii
1016 2605 1049 2667 in
1072 2625 1175 2686 regno
1199 2602 1368 2686 Ungariae
1385 2601 1518 2688 pacifice

334 2712 544 2794 unanimique
577 2701 733 2777 consensu
767 2711 906 2776 feliciter
939 2709 1040 2777 finitis
1064 2733 1104 2776 ac
1126 2712 1298 2792 conclusis,
1323 2711 1457 2777 ordines
1480 2732 1517 2775 ac

291 2837 306 2924 '5
336 2826 444 2886 status
470 2821 561 2902 regni
585 2821 619 2884 in
643 2817 727 2885 festo
753 2821 846 2885 divae
870 2819 1072 2886 Catharinae
1097 2842 1226 2886 sacram
1251 2819 1448 2886 Caesaream
1481 2841 1518 2886 ao

220 2803 288 2850 roas

190 2885 252 2924 nov.
274 2877 288 2922 2
310 2909 315 2923 .

335 2928 461 3010 regiam
486 2927 697 2992 Maiestatem
716 2935 932 3009 accesserunt,
948 2929 1117 2994 humilima
1133 2933 1282 3012 petentes
1299 2928 1361 2993 sibi
1378 2929 1518 3009 concedi,

334 3057 399 3118 quo
416 3034 612 3120 Principem,
628 3035 731 3101 filium
747 3034 965 3120 Imperatoris
990 3039 1159 3119 seniorem,
1183 3035 1433 3104 Fordinandum
1452 3037 1519 3102 Er-

236 3229 240 3238 ·
335 3148 474 3222 nestum,
507 3144 540 3207 in
574 3143 719 3226 ipsorum
743 3164 854 3225 rogem
878 3142 954 3225 eligi
979 3149 1013 3208 et
1037 3144 1187 3208 coronari
1210 3143 1349 3208 valeant.
1373 3139 1518 3226 Quorum

334 3252 582 3317 laudatissimae
597 3252 814 3334 postulationi
838 3251 1000 3316 Caesarea
1023 3250 1183 3316 Maiestas
1206 3251 1440 3334 benignissime
1464 3273 1519 3316 an-

335 3382 447 3440 nuens,
471 3361 621 3424 oratione
645 3360 735 3442 prius
758 3359 875 3424 habita
899 3358 1143 3440 elegantissima
1167 3359 1224 3424 sed
1248 3359 1349 3440 brevi,
1368 3359 1449 3442 ipsis
1465 3359 1519 3424 eli·

335 3467 431 3550 gendi
456 3489 495 3532 ac
518 3467 698 3532 coronandi
721 3465 824 3531 filium
849 3467 918 3531 eins
942 3466 1033 3532 dedit
1056 3473 1263 3551 potestatem.

444 3574 605 3642 Mercurii
629 3575 681 3640 die
706 3575 927 3658 subsequenti,
944 3577 1001 3658 qui
1018 3583 1092 3640 erat
1109 3580 1160 3640 26.
1177 3578 1296 3642 mensis
1313 3575 1518 3658 Novembris,

335 3683 456 3748 iterum
480 3683 610 3748 ordines
634 3689 667 3748 et
692 3687 799 3748 status
824 3685 1016 3766 congregati
1041 3685 1189 3749 unanimi
1212 3706 1371 3750 consensu
1397 3707 1436 3750 ac
1469 3707 1518 3750 vo·

334 3789 461 3856 luntate
482 3791 770 3874 communibusque
790 3792 933 3857 omnium
949 3792 1041 3872 votis,
1059 3791 1245 3876 Principem
1262 3798 1295 3858 et
1311 3793 1519 3858 archiducem

335 3898 496 3964 Austriae
514 3899 680 3964 dominum
697 3898 793 3964 Dom.
810 3899 1058 3965 Ferdinandum
1074 3899 1253 3966 Ernestum
1269 3900 1338 3966 ΠΙ.
1355 3902 1389 3966 in
1411 3923 1519 3986 regern

336 4007 503 4089 Ungariae
536 4007 712 4090 elegerunt,
747 4029 785 4071 ao
819 4013 1020 4072 coronarunt
1052 4008 1260 4074 solemnitate
1293 4011 1438 4076 maxima
1471 4011 1520 4075 die

202 4101 314 4222 cliiii.
338 4122 367 4182 8.
391 4117 511 4182 mensis
534 4113 738 4197 Decembris,
761 4115 991 4199 praesentibus
1016 4117 1127 4182 multis
1143 4117 1316 4201 nobilibus,
1333 4117 1520 4195 baronibus,

338 4223 521 4305 comitibus,
538 4224 747 4309 principibus,
774 4225 939 4308 praelatis,
964 4225 1226 4308 archiepiscopis,
1251 4226 1368 4308 legatis
1393 4233 1426 4292 et
1450 4247 1521 4292 ora·

338 4332 474 4398 toribus.
512 4331 619 4415 Quam
659 4334 902 4398 coronationem
945 4338 1013 4398 tam
1057 4334 1197 4400 feliciter
1229 4341 1398 4418 peractam
1431 4334 1518 4399 Deus

338 4443 544 4525 omnipotens
568 4463 763 4526 prosperare
788 4463 825 4507 ac
848 4441 1021 4507 fortunare
1045 4443 1199 4526 dignetur
1222 4443 1266 4508 ad
1298 4443 1429 4508 laudem
1462 4445 1517 4522 sui,

337 4551 492 4616 ecclesiae
516 4551 698 4618 catholicae
721 4552 962 4618 incrementum
985 4553 1192 4636 omniumque
1216 4552 1443 4618 serenissimae
1465 4551 1516 4615 do-

337 4681 408 4724 mus
432 4660 631 4728 rlustriacae
655 4661 799 4726 hostium
824 4661 1054 4727 confusionem.
1088 4659 1305 4748 Gratulatum
1339 4667 1388 4727 est
1422 4662 1451 4726 ei
1481 4663 1514 4723 ut

220 3563 298 3620 1625,

190 3644 253 3680 nov.
275 3633 316 3680 26.
