3324 5326
1288 365 1351 426 279

275 547 436 631 Exposita
459 549 493 612 in
510 553 700 632 procuratis
716 553 871 620 Doctcris
889 555 1074 622 Leonardi:
1098 558 1186 622 Item
1204 559 1353 641 predice-

165 655 296 722 toribus
320 679 379 742 pro
404 660 523 743 vigiliis
547 669 579 728 et
602 665 702 730 missa
727 663 957 732 defunctorum
983 671 1001 730 3
1027 665 1085 731 sul.
1109 667 1194 732 Item
1219 668 1353 751 pedellis

165 772 209 834 28
235 765 309 832 den.
333 767 417 835 Item
451 793 510 855 pro
547 777 690 856 quatuor
730 773 989 840 intimationibus
1032 779 1070 839 16
1111 775 1184 842 den.
1208 775 1295 842 Item
1318 779 1353 844 in

165 881 219 946 die
244 880 349 946 sancti
382 879 531 946 ladislai
564 903 624 966 pro
657 881 763 948 offitio
796 887 818 949 4
850 883 907 948 sol.
931 881 1017 948 Item
1051 883 1188 968 pedellis
1213 889 1255 950 28
1280 885 1352 952 den.
1371 851 1493 983 jffl'p

164 993 256 1060 Item
279 1011 339 1075 pro
363 992 490 1058 duabus
514 992 779 1060 intimaticnibus
803 997 824 1058 8
849 993 922 1060 den.

276 1101 470 1168 Leonardus
494 1101 693 1184 Dobrohost,
714 1103 798 1186 juris
814 1104 988 1188 utriusque
1005 1103 1128 1186 doctor,
1143 1106 1354 1189 presentavit

165 1211 348 1278 successori
371 1233 429 1276 suc
451 1211 541 1294 Meg.
567 1211 668 1276 Petro
693 1208 865 1295 Sandperg
889 1213 1062 1295 pecuniam
1085 1213 1120 1277 in
1143 1212 1271 1279 sacculo
1296 1235 1353 1278 suo

166 1322 277 1405 sigillo
301 1321 508 1404 obsignatam
532 1320 603 1386 flor.
620 1319 840 1402 Ungaricales
864 1321 899 1385 in
923 1343 1004 1385 aur-0
1032 1324 1082 1402 11,
1106 1313 1253 1405 quamvis
1269 1345 1354 1390 unus
1425 1405 1427 1410 Ι

165 1432 277 1496 minus
310 1430 433 1494 iustum
467 1429 594 1512 pondus
629 1428 790 1511 habuerit,
813 1430 845 1494 in
879 1436 1012 1500 moneta
1044 1451 1119 1494 vero
1152 1431 1278 1497 talenta
1304 1437 1355 1512 ll,

167 1563 215 1606 cr.
239 1544 292 1620 50,
323 1539 358 1602 in
390 1538 556 1621 presentia
590 1538 845 1602 clarissimorum
879 1540 1023 1604 virorum
1056 1537 1151 1603 Dom.
1175 1539 1355 1604 Licentiati

169 1647 340 1714 Ambrosii
350 1645 490 1726 Selenen,
500 1645 591 1728 Mag.
608 1642 743 1711 Osvaldi
759 1642 896 1711 Saumer
913 1651 947 1711 et
963 1645 1053 1732 Mag.
1070 1645 1095 1711 J
1098 1647 1237 1712 ohannis
1253 1645 1353 1712 Auri·
1435 1689 1439 1704 =
1557 1703 1559 1710 .

167 1759 267 1824 febri.
291 1757 414 1824 Actum
438 1755 587 1822 Sabbatc
612 1762 690 1820 ante
716 1755 858 1821 Martini
883 1777 967 1822 anno
992 1757 1126 1821 Domini
1147 1761 1241 1822 1526.
1266 1758 1353 1823 Item
1373 1735 1497 1855 ufflb·

168 1865 312 1931 loculum
337 1863 557 1946 obsignatum,
581 1862 615 1926 in
639 1883 703 1945 quo
721 1863 860 1946 pecunia
876 1863 1089 1946 Ungarcrum
1114 1867 1303 1932 continetur
1320 1873 1354 1932 et

168 1979 335 2058 regestum
359 1994 432 2040 cum
456 1972 590 2038 statutis
613 1971 657 2037 ad
681 1971 834 2054 Ungaros
850 1974 1101 2058 pertinentibus.

686 2119 766 2180 (raes
786 2119 834 2181 11.)

279 2227 351 2314 Ego
362 2228 618 2314 Magnenus
635 2227 862 2314 Sandtperg
879 2225 1080 2316 testor[per]
1091 2230 1355 2315 chyrographum

167 2360 277 2404 meum
293 2360 346 2402 me
372 2339 552 2420 suscepisse
577 2336 835 2422 suprascriptam
861 2360 1022 2404 summam
1038 2337 1261 2424 pecuniarum,
1286 2360 1355 2422 pre·
1423 2407 1433 2428 f

167 2443 319 2510 sentibus
345 2443 537 2510 clarissimis
561 2444 639 2508 viris
661 2443 829 2527 predictis,
846 2445 899 2509 die
915 2466 1046 2528 quoque
1064 2444 1176 2510 ecdem
1193 2451 1230 2511 ut
1247 2466 1353 2530 supra.
1374 2409 1500 2526 ῃέγύἳῗξ),

277 2553 350 2636 Ego
375 2553 465 2635 Mag.
498 2551 618 2617 Petrus
651 2550 825 2636 Sandperg
858 2553 1044 2636 presentari
1076 2552 1256 2618 venerabili
1288 2554 1357 2618 uiro

167 2661 262 2744 Mag.
286 2660 449 2744 Osualdo,
474 2661 653 2726 successori
676 2680 757 2740 mec,
790 2660 1049 2744 suprascriptam
1074 2682 1234 2726 summam
1258 2682 1357 2746 pecu-

166 2770 301 2835 niarum
325 2771 360 2834 iu
383 2769 611 2852 chyrographo
634 2769 729 2834 Dom.
748 2768 905 2835 Doctcris
921 2767 1119 2851 Dobrohost‚
1144 2771 1251 2834 minus
1275 2775 1293 2833 3
1314 2743 1508 2869 cr.f⁰¹1·5{‡⁸⁵

167 2877 295 2944 Actum
319 2877 371 2942 die
394 2877 512 2943 ultima
528 2878 612 2943 Maii
627 2899 712 2943 anno
728 2883 789 2944 etc.
808 2877 902 2960 1527,
918 2884 1070 2962 presente
1087 2877 1357 2944 excellentissimo
1370 2891 1437 2955 mej.
1458 2857 1500 2942 ai.

167 2986 268 3052 Dom.
292 2985 484 3050 Licenciato
508 2983 688 3050 Ambrosio
712 2983 854 3050 Salczer.

703 3128 782 3190 (1527
804 3127 837 3190 Ι.)

279 3233 352 3320 Ego
376 3237 483 3323 Mag.
507 3235 739 3305 Oswaldus
764 3238 953 3307 Sawmer
976 3239 1360 3321 satecrmepremissaa

167 3346 400 3429 predecessore
423 3369 495 3412 mec
518 3348 644 3429 relicta,
669 3349 754 3414 sicut
777 3347 990 3432 premittitur,
1014 3348 1185 3430 accepisse,
1209 3347 1243 3412 in
1267 3346 1358 3410 cuius

168 3457 220 3523 rei
245 3457 468 3520 testimonium
486 3453 616 3522 evidens
632 3477 705 3521 mea
722 3455 856 3539 propria
871 3477 971 3519 manu
996 3455 1080 3520 facio
1103 3453 1210 3520 fidem.
1234 3453 1359 3520 Actum

1351 3565 1356 3578 ·
1407 3545 1485 3606 1527,

169 3584 259 3629 anno
284 3568 318 3627 et
342 3563 393 3628 die
417 3584 482 3647 quc
506 3583 615 3647 supra,
639 3563 672 3628 in
695 3563 863 3648 presentia
879 3559 976 3628 Dom.
992 3559 1174 3628 Licenciati
1190 3559 1359 3628 Ambrosii

169 3671 313 3738 Salczer.

280 3779 441 3862 Exposita
464 3779 557 3863 Mag.
580 3776 716 3845 Osvaldi
740 3777 896 3844 Saunrer:
912 3778 998 3844 Item
1014 3775 1284 3843 Predicatorihus
1300 3798 1359 3860 pro

168 3887 293 3972 vigiliis
328 3893 361 3952 et
398 3889 481 3953 misa
521 3889 750 3954 defunctorum
792 3893 810 3953 3
844 3887 901 3952 sol.
940 3887 1028 3952 Item
1052 3885 1189 3970 pedellis
1222 3889 1264 3949 28
1289 3884 1360 3949 den.

168 3995 260 4060 Item
284 4017 344 4078 pro
369 4003 511 4078 quatuor
535 3995 799 4061 intimationibus
836 4001 875 4061 16
901 3996 972 4061 den.
1005 3996 1093 4060 Item
1116 3995 1151 4059 in
1175 3994 1227 4058 die
1252 3995 1358 4058 sancti

168 4103 323 4170 Ladislai
346 4125 406 4188 pro
430 4103 575 4169 offici04
594 4103 651 4169 sol.
668 4103 755 4168 Item
771 4103 905 4185 pedellis
933 4109 975 4168 28
1001 4103 1072 4167 den.
1093 4103 1178 4168 Item
1204 4123 1263 4184 pro
1281 4101 1360 4165 dua·
1377 4085 1502 4217 jfflp·

168 4213 235 4278 bus
248 4212 516 4278 intimacicnibus
526 4216 546 4276 8
558 4211 629 4277 den.
641 4212 709 4276 Pro
720 4212 832 4294 parvis
850 4211 996 4276 candelis
1008 4209 1049 4274 ad
1061 4211 1231 4294 exsequias
1251 4204 1359 4291 lcr.1)

1379 3612 1445 3678 maj.
1466 3619 1507 3666 31.

284 4429 304 4488 ¹)
320 4427 364 4480 ltt
382 4425 466 4480 iamet
484 4441 538 4496 egy
554 4425 682 4495 jegyaese
695 4424 861 4480 hovetkezik
881 4442 897 4477 a
917 4423 1099 4478 iaradhatlan
1117 4425 1163 4476 rr.
1182 4420 1360 4476 Vincentius·

142 4574 146 4580 ,
167 4516 246 4572 mk:
267 4515 368 4584 „Anno
388 4515 508 4570 Domini
528 4516 608 4584 1560,
629 4515 660 4568 tn
679 4514 725 4568 die
744 4513 838 4568 sancti
859 4512 1010 4581 Oolomcne',
1031 4512 1134 4566 electus
1153 4510 1201 4580 sni
1219 4527 1265 4580 epo
1284 4507 1359 4564 Fru-

167 4613 216 4666 tcr
242 4605 407 4663 Viacentine
427 4605 608 4663 Andronicus
630 4605 831 4678 Trapurienaic
854 4605 995 4660 Dalmata
1014 4602 1123 4659 ordinis
1143 4599 1359 4669 Praedicaturii,
