<?xml version="1.0" encoding="UTF-8"?>
<!DOCTYPE html PUBLIC "-//W3C//DTD XHTML 1.0 Transitional//EN"
    "http://www.w3.org/TR/xhtml1/DTD/xhtml1-transitional.dtd">
<html xmlns="http://www.w3.org/1999/xhtml" xml:lang="en" lang="en">
 <head>
  <title>
</title>
<meta http-equiv="Content-Type" content="text/html;charset=utf-8" />
  <meta name='ocr-system' content='tesseract 3.04.00' />
  <meta name='ocr-capabilities' content='ocr_page ocr_carea ocr_par ocr_line ocrx_word'/>
</head>
<body>
  <div class='ocr_page' id='page_1' title='image "./abcsiegyetemmag00akadgoog/abcsiegyetemmag00akadgoog_0308.png"; bbox 0 0 3334 5322; ppageno 0'>
   <div class='ocr_carea' id='block_1_1' title="bbox 1289 439 1349 498">
    <p class='ocr_par' dir='ltr' id='par_1_1' title="bbox 1289 439 1349 498">
     <span class='ocr_line' id='line_1_1' title="bbox 1289 439 1349 498; baseline -0.017 -1"><span class='ocrx_word' id='word_1_1' title='bbox 1289 439 1349 498; x_wconf 81' lang='lat'>197</span> 
     </span>
    </p>
   </div>
   <div class='ocr_carea' id='block_1_2' title="bbox 157 617 1484 2448">
    <p class='ocr_par' dir='ltr' id='par_1_2' title="bbox 157 617 1484 2448">
     <span class='ocr_line' id='line_1_2' title="bbox 165 617 1444 714; baseline 0.013 -33"><span class='ocrx_word' id='word_1_2' title='bbox 165 617 370 700; x_wconf 84' lang='lat' dir='ltr'>supersedeo,</span> <span class='ocrx_word' id='word_1_3' title='bbox 405 619 572 702; x_wconf 81' lang='lat' dir='ltr'>colligunt.</span> <span class='ocrx_word' id='word_1_4' title='bbox 604 622 693 686; x_wconf 87' lang='lat' dir='ltr'>Huic</span> <span class='ocrx_word' id='word_1_5' title='bbox 736 623 879 706; x_wconf 89' lang='lat' dir='ltr'>opinioni</span> <span class='ocrx_word' id='word_1_6' title='bbox 919 633 1082 714; x_wconf 70' lang='lat' dir='ltr'>postremo</span> <span class='ocrx_word' id='word_1_7' title='bbox 1116 637 1149 695; x_wconf 92' lang='lat' dir='ltr'>et</span> <span class='ocrx_word' id='word_1_8' title='bbox 1187 652 1246 714; x_wconf 84' lang='lat' dir='ltr'>ego</span> <span class='ocrx_word' id='word_1_9' title='bbox 1285 633 1351 698; x_wconf 87' lang='lat' dir='ltr'>sul·</span> <span class='ocrx_word' id='word_1_10' title='bbox 1441 653 1444 662; x_wconf 86' lang='grc'><strong><em>’</em></strong></span> 
     </span>
     <span class='ocr_line' id='line_1_3' title="bbox 165 728 1275 820; baseline 0.015 -28"><span class='ocrx_word' id='word_1_11' title='bbox 165 728 286 812; x_wconf 84' lang='lat' dir='ltr'>fragor.</span> <span class='ocrx_word' id='word_1_12' title='bbox 869 794 872 802; x_wconf 29' lang='lat' dir='ltr'>i</span> <span class='ocrx_word' id='word_1_13' title='bbox 1271 800 1275 820; x_wconf 72' lang='lat'>,</span> 
     </span>
     <span class='ocr_line' id='line_1_4' title="bbox 273 836 1350 930; baseline 0.016 -29"><span class='ocrx_word' id='word_1_14' title='bbox 273 838 421 903; x_wconf 85' lang='lat' dir='ltr'>Joanncs</span> <span class='ocrx_word' id='word_1_15' title='bbox 445 836 598 920; x_wconf 85' lang='lat' dir='ltr'>Soranus,</span> <span class='ocrx_word' id='word_1_16' title='bbox 621 837 766 922; x_wconf 84' lang='lat' dir='ltr'>Silesius,</span> <span class='ocrx_word' id='word_1_17' title='bbox 790 863 829 906; x_wconf 85' lang='lat' dir='ltr'>ex</span> <span class='ocrx_word' id='word_1_18' title='bbox 853 843 971 927; x_wconf 89' lang='lat' dir='ltr'>oppido</span> <span class='ocrx_word' id='word_1_19' title='bbox 997 843 1080 912; x_wconf 84' lang='lat' dir='ltr'>Sora</span> <span class='ocrx_word' id='word_1_20' title='bbox 1098 852 1205 930; x_wconf 88' lang='lat' dir='ltr'>natus,</span> <span class='ocrx_word' id='word_1_21' title='bbox 1229 851 1350 918; x_wconf 87' lang='lat' dir='ltr'>artium</span> 
     </span>
     <span class='ocr_line' id='line_1_5' title="bbox 164 946 1351 1032; baseline 0.011 -21"><span class='ocrx_word' id='word_1_22' title='bbox 164 969 204 1012; x_wconf 86' lang='lat' dir='ltr'>ac</span> <span class='ocrx_word' id='word_1_23' title='bbox 227 947 387 1028; x_wconf 70' lang='lat' dir='ltr'>medicine</span> <span class='ocrx_word' id='word_1_24' title='bbox 421 946 553 1029; x_wconf 74' lang='lat' dir='ltr'>doctor,</span> <span class='ocrx_word' id='word_1_25' title='bbox 586 950 614 1014; x_wconf 90' lang='lat' dir='ltr'>is</span> <span class='ocrx_word' id='word_1_26' title='bbox 647 955 822 1032; x_wconf 86' lang='lat' dir='ltr'>postquam</span> <span class='ocrx_word' id='word_1_27' title='bbox 852 951 984 1016; x_wconf 86' lang='lat' dir='ltr'>flamma</span> <span class='ocrx_word' id='word_1_28' title='bbox 1016 953 1148 1020; x_wconf 90' lang='lat' dir='ltr'>Posonii</span> <span class='ocrx_word' id='word_1_29' title='bbox 1181 957 1210 1021; x_wconf 87' lang='lat' dir='ltr'>si</span> <span class='ocrx_word' id='word_1_30' title='bbox 1242 959 1351 1024; x_wconf 86' lang='lat' dir='ltr'>omnia</span> 
     </span>
     <span class='ocr_line' id='line_1_6' title="bbox 165 1055 1451 1141; baseline 0.009 -21"><span class='ocrx_word' id='word_1_31' title='bbox 165 1055 253 1122; x_wconf 90' lang='lat' dir='ltr'>bona</span> <span class='ocrx_word' id='word_1_32' title='bbox 277 1077 350 1122; x_wconf 86' lang='lat' dir='ltr'>cum</span> <span class='ocrx_word' id='word_1_33' title='bbox 373 1055 511 1122; x_wconf 85' lang='lat' dir='ltr'>aedibus</span> <span class='ocrx_word' id='word_1_34' title='bbox 535 1057 756 1141; x_wconf 89' lang='lat' dir='ltr'>absorpserat,</span> <span class='ocrx_word' id='word_1_35' title='bbox 780 1057 872 1124; x_wconf 80' lang='lat' dir='ltr'>(ledit</span> <span class='ocrx_word' id='word_1_36' title='bbox 887 1059 939 1125; x_wconf 92' lang='lat' dir='ltr'>hic</span> <span class='ocrx_word' id='word_1_37' title='bbox 956 1081 1071 1126; x_wconf 91' lang='lat' dir='ltr'>nomen</span> <span class='ocrx_word' id='word_1_38' title='bbox 1088 1085 1181 1128; x_wconf 88' lang='lat' dir='ltr'>suum</span> <span class='ocrx_word' id='word_1_39' title='bbox 1199 1066 1231 1129; x_wconf 90' lang='lat' dir='ltr'>in</span> <span class='ocrx_word' id='word_1_40' title='bbox 1249 1066 1351 1131; x_wconf 84' lang='lat' dir='ltr'>facul·</span> <span class='ocrx_word' id='word_1_41' title='bbox 1449 1099 1451 1104; x_wconf 96' lang='lat'>·</span> 
     </span>
     <span class='ocr_line' id='line_1_7' title="bbox 163 1165 1351 1254; baseline 0.009 -24"><span class='ocrx_word' id='word_1_42' title='bbox 163 1171 268 1230; x_wconf 86' lang='lat' dir='ltr'>tatem</span> <span class='ocrx_word' id='word_1_43' title='bbox 295 1166 453 1232; x_wconf 86' lang='lat' dir='ltr'>medicam</span> <span class='ocrx_word' id='word_1_44' title='bbox 477 1171 587 1250; x_wconf 85' lang='lat' dir='ltr'>atque,</span> <span class='ocrx_word' id='word_1_45' title='bbox 612 1167 718 1232; x_wconf 87' lang='lat' dir='ltr'>tribus</span> <span class='ocrx_word' id='word_1_46' title='bbox 742 1165 817 1231; x_wconf 89' lang='lat' dir='ltr'>filiis</span> <span class='ocrx_word' id='word_1_47' title='bbox 840 1167 963 1234; x_wconf 89' lang='lat' dir='ltr'>relictis</span> <span class='ocrx_word' id='word_1_48' title='bbox 980 1190 1019 1234; x_wconf 86' lang='lat' dir='ltr'>ex</span> <span class='ocrx_word' id='word_1_49' title='bbox 1036 1191 1138 1236; x_wconf 84' lang='lat' dir='ltr'>uxore</span> <span class='ocrx_word' id='word_1_50' title='bbox 1154 1172 1264 1254; x_wconf 89' lang='lat' dir='ltr'>nobili,</span> <span class='ocrx_word' id='word_1_51' title='bbox 1281 1197 1351 1240; x_wconf 90' lang='lat' dir='ltr'>cor·</span> 
     </span>
     <span class='ocr_line' id='line_1_8' title="bbox 160 1273 1251 1360; baseline 0.005 -20"><span class='ocrx_word' id='word_1_52' title='bbox 160 1281 277 1360; x_wconf 87' lang='lat' dir='ltr'>reptus</span> <span class='ocrx_word' id='word_1_53' title='bbox 301 1275 386 1342; x_wconf 86' lang='lat' dir='ltr'>fabri</span> <span class='ocrx_word' id='word_1_54' title='bbox 409 1297 494 1341; x_wconf 88' lang='lat' dir='ltr'>anno</span> <span class='ocrx_word' id='word_1_55' title='bbox 522 1278 606 1341; x_wconf 83' lang='lat'>1540</span> <span class='ocrx_word' id='word_1_56' title='bbox 631 1276 664 1339; x_wconf 90' lang='lat' dir='ltr'>in</span> <span class='ocrx_word' id='word_1_57' title='bbox 689 1295 798 1340; x_wconf 84' lang='lat' dir='ltr'>mense</span> <span class='ocrx_word' id='word_1_58' title='bbox 823 1273 926 1341; x_wconf 86' lang='lat' dir='ltr'>Junio</span> <span class='ocrx_word' id='word_1_59' title='bbox 950 1278 1092 1344; x_wconf 83' lang='lat' dir='ltr'>animam</span> <span class='ocrx_word' id='word_1_60' title='bbox 1116 1279 1251 1346; x_wconf 82' lang='lat' dir='ltr'>efflavit.</span> 
     </span>
     <span class='ocr_line' id='line_1_9' title="bbox 275 1368 1484 1474; baseline 0.008 -26"><span class='ocrx_word' id='word_1_61' title='bbox 275 1368 441 1450; x_wconf 85' lang='lat' dir='ltr'>Antonius</span> <span class='ocrx_word' id='word_1_62' title='bbox 457 1383 548 1450; x_wconf 90' lang='lat' dir='ltr'>Mela</span> <span class='ocrx_word' id='word_1_63' title='bbox 565 1382 844 1464; x_wconf 84' lang='lat' dir='ltr'>Vratislaviensis,</span> <span class='ocrx_word' id='word_1_64' title='bbox 860 1385 983 1450; x_wconf 90' lang='lat' dir='ltr'>artium</span> <span class='ocrx_word' id='word_1_65' title='bbox 996 1407 1035 1450; x_wconf 90' lang='lat' dir='ltr'>ac</span> <span class='ocrx_word' id='word_1_66' title='bbox 1051 1387 1209 1473; x_wconf 63' lang='lat' dir='ltr'>medicine</span> <span class='ocrx_word' id='word_1_67' title='bbox 1227 1389 1352 1474; x_wconf 89' lang='lat' dir='ltr'>doctor,</span> <span class='ocrx_word' id='word_1_68' title='bbox 1372 1388 1484 1443; x_wconf 73' lang='lat' dir='ltr'>f01·⁸2¹’</span> 
     </span>
     <span class='ocr_line' id='line_1_10' title="bbox 161 1493 1350 1578; baseline 0.005 -19"><span class='ocrx_word' id='word_1_69' title='bbox 161 1496 197 1559; x_wconf 91' lang='lat' dir='ltr'>in</span> <span class='ocrx_word' id='word_1_70' title='bbox 225 1499 365 1577; x_wconf 87' lang='lat' dir='ltr'>utraque</span> <span class='ocrx_word' id='word_1_71' title='bbox 390 1494 502 1578; x_wconf 81' lang='lat' dir='ltr'>lingua</span> <span class='ocrx_word' id='word_1_72' title='bbox 527 1493 826 1570; x_wconf 76' lang='lat' dir='ltr'>exercitatissime,</span> <span class='ocrx_word' id='word_1_73' title='bbox 850 1495 906 1576; x_wconf 89' lang='lat' dir='ltr'>qui</span> <span class='ocrx_word' id='word_1_74' title='bbox 935 1493 1080 1577; x_wconf 82' lang='lat' dir='ltr'>Eidyllia</span> <span class='ocrx_word' id='word_1_75' title='bbox 1104 1495 1271 1564; x_wconf 78' lang='lat' dir='ltr'>Theocriti</span> <span class='ocrx_word' id='word_1_76' title='bbox 1296 1523 1350 1564; x_wconf 89' lang='lat' dir='ltr'>no·</span> 
     </span>
     <span class='ocr_line' id='line_1_11' title="bbox 160 1600 1351 1684; baseline 0.003 -16"><span class='ocrx_word' id='word_1_77' title='bbox 160 1601 222 1668; x_wconf 92' lang='lat' dir='ltr'>bili</span> <span class='ocrx_word' id='word_1_78' title='bbox 249 1601 392 1668; x_wconf 83' lang='lat' dir='ltr'>carmine</span> <span class='ocrx_word' id='word_1_79' title='bbox 415 1602 518 1669; x_wconf 85' lang='lat' dir='ltr'>latine</span> <span class='ocrx_word' id='word_1_80' title='bbox 543 1601 629 1684; x_wconf 89' lang='lat' dir='ltr'>facit,</span> <span class='ocrx_word' id='word_1_81' title='bbox 654 1623 718 1684; x_wconf 90' lang='lat' dir='ltr'>quo</span> <span class='ocrx_word' id='word_1_82' title='bbox 742 1600 1048 1670; x_wconf 81' lang='lat' dir='ltr'>reverendissimum</span> <span class='ocrx_word' id='word_1_83' title='bbox 1064 1601 1230 1670; x_wconf 85' lang='lat' dir='ltr'>Joannem</span> <span class='ocrx_word' id='word_1_84' title='bbox 1246 1607 1351 1672; x_wconf 85' lang='lat' dir='ltr'>Fabri</span> 
     </span>
     <span class='ocr_line' id='line_1_12' title="bbox 161 1703 1351 1795; baseline 0.005 -20"><span class='ocrx_word' id='word_1_85' title='bbox 161 1712 355 1795; x_wconf 88' lang='lat' dir='ltr'>episcopum</span> <span class='ocrx_word' id='word_1_86' title='bbox 391 1711 612 1780; x_wconf 82' lang='lat' dir='ltr'>Viennensem</span> <span class='ocrx_word' id='word_1_87' title='bbox 637 1710 780 1790; x_wconf 87' lang='lat' dir='ltr'>donavit,</span> <span class='ocrx_word' id='word_1_88' title='bbox 812 1703 998 1793; x_wconf 86' lang='lat' dir='ltr'>multasque</span> <span class='ocrx_word' id='word_1_89' title='bbox 1031 1715 1196 1780; x_wconf 88' lang='lat' dir='ltr'>orationes</span> <span class='ocrx_word' id='word_1_90' title='bbox 1230 1714 1351 1782; x_wconf 87' lang='lat' dir='ltr'>Damo-</span> 
     </span>
     <span class='ocr_line' id='line_1_13' title="bbox 162 1817 1351 1905; baseline 0.007 -23"><span class='ocrx_word' id='word_1_91' title='bbox 162 1818 302 1895; x_wconf 86' lang='lat' dir='ltr'>sthenis,</span> <span class='ocrx_word' id='word_1_92' title='bbox 325 1820 480 1905; x_wconf 88' lang='lat' dir='ltr'>principis</span> <span class='ocrx_word' id='word_1_93' title='bbox 504 1817 686 1886; x_wconf 88' lang='lat' dir='ltr'>Grecorum</span> <span class='ocrx_word' id='word_1_94' title='bbox 711 1824 889 1901; x_wconf 89' lang='lat' dir='ltr'>oratorum,</span> <span class='ocrx_word' id='word_1_95' title='bbox 913 1841 994 1904; x_wconf 88' lang='lat' dir='ltr'>quas</span> <span class='ocrx_word' id='word_1_96' title='bbox 1010 1842 1070 1904; x_wconf 85' lang='lat' dir='ltr'>ego</span> <span class='ocrx_word' id='word_1_97' title='bbox 1094 1822 1168 1894; x_wconf 83' lang='lat' dir='ltr'>vidi,</span> <span class='ocrx_word' id='word_1_98' title='bbox 1185 1823 1351 1890; x_wconf 82' lang='lat' dir='ltr'>latinitate</span> 
     </span>
     <span class='ocr_line' id='line_1_14' title="bbox 161 1927 1350 2014; baseline 0.007 -23"><span class='ocrx_word' id='word_1_99' title='bbox 161 1927 309 2009; x_wconf 84' lang='lat' dir='ltr'>donavit,</span> <span class='ocrx_word' id='word_1_100' title='bbox 349 1935 423 2014; x_wconf 87' lang='lat' dir='ltr'>post</span> <span class='ocrx_word' id='word_1_101' title='bbox 456 1929 628 1994; x_wconf 77' lang='lat' dir='ltr'>Turoicam</span> <span class='ocrx_word' id='word_1_102' title='bbox 663 1927 865 1994; x_wconf 81' lang='lat' dir='ltr'>obsidionem</span> <span class='ocrx_word' id='word_1_103' title='bbox 904 1927 1127 1997; x_wconf 84' lang='lat' dir='ltr'>Viennensem</span> <span class='ocrx_word' id='word_1_104' title='bbox 1166 1931 1350 1998; x_wconf 84' lang='lat' dir='ltr'>Posnaniae</span> 
     </span>
     <span class='ocr_line' id='line_1_15' title="bbox 161 2036 1350 2126; baseline 0.003 -24"><span class='ocrx_word' id='word_1_105' title='bbox 161 2058 280 2119; x_wconf 82' lang='lat' dir='ltr'>grecas</span> <span class='ocrx_word' id='word_1_106' title='bbox 313 2043 347 2104; x_wconf 90' lang='lat' dir='ltr'>et</span> <span class='ocrx_word' id='word_1_107' title='bbox 378 2039 497 2104; x_wconf 89' lang='lat' dir='ltr'>latinas</span> <span class='ocrx_word' id='word_1_108' title='bbox 530 2039 642 2104; x_wconf 84' lang='lat' dir='ltr'>literas</span> <span class='ocrx_word' id='word_1_109' title='bbox 677 2036 842 2122; x_wconf 86' lang='lat' dir='ltr'>professus</span> <span class='ocrx_word' id='word_1_110' title='bbox 876 2043 933 2118; x_wconf 86' lang='lat' dir='ltr'>est,</span> <span class='ocrx_word' id='word_1_111' title='bbox 967 2036 1084 2104; x_wconf 87' lang='lat' dir='ltr'>dehinc</span> <span class='ocrx_word' id='word_1_112' title='bbox 1116 2038 1292 2126; x_wconf 80' lang='lat' dir='ltr'>Marpurgi</span> <span class='ocrx_word' id='word_1_113' title='bbox 1317 2041 1350 2105; x_wconf 93' lang='lat' dir='ltr'>in</span> 
     </span>
     <span class='ocr_line' id='line_1_16' title="bbox 160 2145 1350 2231; baseline 0.005 -23"><span class='ocrx_word' id='word_1_114' title='bbox 160 2145 304 2226; x_wconf 71' lang='lat' dir='ltr'>Hassis,</span> <span class='ocrx_word' id='word_1_115' title='bbox 328 2151 491 2231; x_wconf 84' lang='lat' dir='ltr'>postremo</span> <span class='ocrx_word' id='word_1_116' title='bbox 514 2148 628 2213; x_wconf 84' lang='lat' dir='ltr'>relicto</span> <span class='ocrx_word' id='word_1_117' title='bbox 644 2145 783 2212; x_wconf 84' lang='lat' dir='ltr'>Patario</span> <span class='ocrx_word' id='word_1_118' title='bbox 799 2145 896 2228; x_wconf 89' lang='lat' dir='ltr'>Italo,</span> <span class='ocrx_word' id='word_1_119' title='bbox 916 2145 973 2212; x_wconf 91' lang='lat' dir='ltr'>nbi</span> <span class='ocrx_word' id='word_1_120' title='bbox 989 2147 1067 2212; x_wconf 90' lang='lat' dir='ltr'>mihi</span> <span class='ocrx_word' id='word_1_121' title='bbox 1084 2149 1235 2228; x_wconf 82' lang='lat' dir='ltr'>convixit,</span> <span class='ocrx_word' id='word_1_122' title='bbox 1251 2148 1350 2214; x_wconf 88' lang='lat' dir='ltr'>rediit</span> 
     </span>
     <span class='ocr_line' id='line_1_17' title="bbox 157 2250 1350 2340; baseline 0.003 -24"><span class='ocrx_word' id='word_1_123' title='bbox 157 2255 198 2317; x_wconf 90' lang='lat' dir='ltr'>in</span> <span class='ocrx_word' id='word_1_124' title='bbox 224 2250 448 2336; x_wconf 87' lang='lat' dir='ltr'>Germaniam,</span> <span class='ocrx_word' id='word_1_125' title='bbox 472 2255 615 2322; x_wconf 89' lang='lat' dir='ltr'>medicus</span> <span class='ocrx_word' id='word_1_126' title='bbox 639 2254 856 2339; x_wconf 88' lang='lat' dir='ltr'>peritissimus</span> <span class='ocrx_word' id='word_1_127' title='bbox 880 2255 913 2319; x_wconf 89' lang='lat' dir='ltr'>in</span> <span class='ocrx_word' id='word_1_128' title='bbox 936 2254 1018 2322; x_wconf 91' lang='lat' dir='ltr'>urbe</span> <span class='ocrx_word' id='word_1_129' title='bbox 1035 2254 1249 2340; x_wconf 84' lang='lat' dir='ltr'>Braunsweig</span> <span class='ocrx_word' id='word_1_130' title='bbox 1265 2277 1350 2322; x_wconf 85' lang='lat' dir='ltr'>anuo</span> 
     </span>
     <span class='ocr_line' id='line_1_18' title="bbox 161 2341 1434 2448; baseline 0.004 -22"><span class='ocrx_word' id='word_1_131' title='bbox 161 2367 253 2427; x_wconf 87' lang='lat'>1541</span> <span class='ocrx_word' id='word_1_132' title='bbox 278 2371 470 2448; x_wconf 73' lang='lat' dir='ltr'>prematura</span> <span class='ocrx_word' id='word_1_133' title='bbox 494 2370 599 2430; x_wconf 76' lang='lat' dir='ltr'>morte</span> <span class='ocrx_word' id='word_1_134' title='bbox 623 2364 771 2430; x_wconf 77' lang='lat' dir='ltr'>moritur.</span> <span class='ocrx_word' id='word_1_135' title='bbox 1428 2341 1434 2354; x_wconf 81' lang='grc'><strong>’</strong></span> 
     </span>
    </p>
   </div>
   <div class='ocr_carea' id='block_1_3' title="bbox 159 2484 1485 3981">
    <p class='ocr_par' dir='ltr' id='par_1_3' title="bbox 159 2484 1485 3981">
     <span class='ocr_line' id='line_1_19' title="bbox 275 2484 1485 2577; baseline -0.002 -22"><span class='ocrx_word' id='word_1_136' title='bbox 275 2484 344 2558; x_wconf 85' lang='lat' dir='ltr'>Sub</span> <span class='ocrx_word' id='word_1_137' title='bbox 369 2495 557 2577; x_wconf 82' lang='lat' dir='ltr'>procuratis</span> <span class='ocrx_word' id='word_1_138' title='bbox 580 2491 670 2576; x_wconf 84' lang='lat' dir='ltr'>Mag.</span> <span class='ocrx_word' id='word_1_139' title='bbox 694 2487 832 2556; x_wconf 89' lang='lat' dir='ltr'>Osbaldi</span> <span class='ocrx_word' id='word_1_140' title='bbox 856 2487 1002 2556; x_wconf 85' lang='lat' dir='ltr'>Sawmer</span> <span class='ocrx_word' id='word_1_141' title='bbox 1024 2485 1229 2574; x_wconf 87' lang='lat' dir='ltr'>infrascripti</span> <span class='ocrx_word' id='word_1_142' title='bbox 1245 2489 1348 2554; x_wconf 87' lang='lat' dir='ltr'>scola·</span> <span class='ocrx_word' id='word_1_143' title='bbox 1383 2499 1485 2549; x_wconf 74' lang='grc'>15411</span> 
     </span>
     <span class='ocr_line' id='line_1_20' title="bbox 159 2599 856 2683; baseline -0.003 -20"><span class='ocrx_word' id='word_1_144' title='bbox 159 2601 239 2665; x_wconf 90' lang='lat' dir='ltr'>stici</span> <span class='ocrx_word' id='word_1_145' title='bbox 263 2601 425 2669; x_wconf 85' lang='lat' dir='ltr'>intitulati</span> <span class='ocrx_word' id='word_1_146' title='bbox 448 2608 533 2683; x_wconf 87' lang='lat' dir='ltr'>sunt,</span> <span class='ocrx_word' id='word_1_147' title='bbox 557 2623 641 2667; x_wconf 86' lang='lat' dir='ltr'>anno</span> <span class='ocrx_word' id='word_1_148' title='bbox 666 2606 727 2665; x_wconf 90' lang='lat' dir='ltr'>etc.</span> <span class='ocrx_word' id='word_1_149' title='bbox 755 2599 856 2662; x_wconf 81' lang='lat'>1543:</span> 
     </span>
     <span class='ocr_line' id='line_1_21' title="bbox 274 2709 760 2796; baseline 0 -25"><span class='ocrx_word' id='word_1_150' title='bbox 274 2709 420 2776; x_wconf 74' lang='lat' dir='ltr'>‚Ioannes</span> <span class='ocrx_word' id='word_1_151' title='bbox 443 2710 597 2796; x_wconf 80' lang='lat' dir='ltr'>Wylalry‚</span> <span class='ocrx_word' id='word_1_152' title='bbox 624 2715 664 2776; x_wconf 89' lang='lat'>16</span> <span class='ocrx_word' id='word_1_153' title='bbox 689 2709 760 2774; x_wconf 90' lang='lat' dir='ltr'>den.</span> 
     </span>
     <span class='ocr_line' id='line_1_22' title="bbox 273 2813 780 2898; baseline -0.004 -18"><span class='ocrx_word' id='word_1_154' title='bbox 273 2815 469 2884; x_wconf 87' lang='lat' dir='ltr'>Franciscus</span> <span class='ocrx_word' id='word_1_155' title='bbox 494 2817 616 2898; x_wconf 78' lang='lat' dir='ltr'>Pesthi,</span> <span class='ocrx_word' id='word_1_156' title='bbox 643 2821 683 2882; x_wconf 94' lang='grc'>12</span> <span class='ocrx_word' id='word_1_157' title='bbox 708 2813 780 2881; x_wconf 89' lang='lat' dir='ltr'>den.</span> 
     </span>
     <span class='ocr_line' id='line_1_23' title="bbox 273 2919 800 3009; baseline -0.013 -18"><span class='ocrx_word' id='word_1_158' title='bbox 273 2921 437 3009; x_wconf 81' lang='lat' dir='ltr'>Georgius</span> <span class='ocrx_word' id='word_1_159' title='bbox 460 2919 637 3008; x_wconf 81' lang='lat' dir='ltr'>Lad0m1),</span> <span class='ocrx_word' id='word_1_160' title='bbox 664 2929 704 2990; x_wconf 93' lang='grc'>12</span> <span class='ocrx_word' id='word_1_161' title='bbox 729 2923 800 2988; x_wconf 88' lang='lat' dir='ltr'>dan.</span> 
     </span>
     <span class='ocr_line' id='line_1_24' title="bbox 273 3029 787 3114; baseline -0.004 -18"><span class='ocrx_word' id='word_1_162' title='bbox 273 3029 464 3100; x_wconf 87' lang='lat' dir='ltr'>Demetrius</span> <span class='ocrx_word' id='word_1_163' title='bbox 487 3033 625 3114; x_wconf 81' lang='lat' dir='ltr'>Ladonr,</span> <span class='ocrx_word' id='word_1_164' title='bbox 652 3037 692 3097; x_wconf 90' lang='grc'>12</span> <span class='ocrx_word' id='word_1_165' title='bbox 717 3032 787 3096; x_wconf 85' lang='lat' dir='ltr'>den.</span> 
     </span>
     <span class='ocr_line' id='line_1_25' title="bbox 274 3138 869 3227; baseline -0.007 -21"><span class='ocrx_word' id='word_1_166' title='bbox 274 3139 437 3226; x_wconf 83' lang='lat' dir='ltr'>Georgius</span> <span class='ocrx_word' id='word_1_167' title='bbox 461 3143 516 3208; x_wconf 89' lang='lat' dir='ltr'>Iso</span> <span class='ocrx_word' id='word_1_168' title='bbox 540 3144 580 3208; x_wconf 91' lang='lat' dir='ltr'>de</span> <span class='ocrx_word' id='word_1_169' title='bbox 603 3144 705 3227; x_wconf 84' lang='lat' dir='ltr'>Papa,</span> <span class='ocrx_word' id='word_1_170' title='bbox 732 3145 771 3206; x_wconf 93' lang='grc'>12</span> <span class='ocrx_word' id='word_1_171' title='bbox 796 3138 869 3204; x_wconf 87' lang='lat' dir='ltr'>deu.</span> 
     </span>
     <span class='ocr_line' id='line_1_26' title="bbox 274 3245 864 3334; baseline -0.003 -20"><span class='ocrx_word' id='word_1_172' title='bbox 274 3249 440 3318; x_wconf 88' lang='lat' dir='ltr'>Martinus</span> <span class='ocrx_word' id='word_1_173' title='bbox 463 3245 695 3334; x_wconf 65' lang='lat' dir='ltr'>Keimendil),</span> <span class='ocrx_word' id='word_1_174' title='bbox 721 3253 762 3314; x_wconf 90' lang='grc'>12</span> <span class='ocrx_word' id='word_1_175' title='bbox 791 3248 864 3313; x_wconf 89' lang='lat' dir='ltr'>den.</span> 
     </span>
     <span class='ocr_line' id='line_1_27' title="bbox 273 3355 764 3442; baseline -0.004 -20"><span class='ocrx_word' id='word_1_176' title='bbox 273 3357 420 3426; x_wconf 82' lang='lat' dir='ltr'>Mathias</span> <span class='ocrx_word' id='word_1_177' title='bbox 444 3355 602 3442; x_wconf 59' lang='grc'>01111108),</span> <span class='ocrx_word' id='word_1_178' title='bbox 629 3365 668 3425; x_wconf 90' lang='grc'>12</span> <span class='ocrx_word' id='word_1_179' title='bbox 693 3358 764 3425; x_wconf 88' lang='lat' dir='ltr'>den.</span> 
     </span>
     <span class='ocr_line' id='line_1_28' title="bbox 272 3462 890 3552; baseline -0.005 -22"><span class='ocrx_word' id='word_1_180' title='bbox 272 3465 468 3534; x_wconf 84' lang='lat' dir='ltr'>Franciscus</span> <span class='ocrx_word' id='word_1_181' title='bbox 492 3467 678 3552; x_wconf 87' lang='lat' dir='ltr'>Strigonius</span> <span class='ocrx_word' id='word_1_182' title='bbox 688 3464 727 3550; x_wconf 84' lang='lat'>⁴),</span> <span class='ocrx_word' id='word_1_183' title='bbox 752 3469 794 3530; x_wconf 92' lang='grc'>12</span> <span class='ocrx_word' id='word_1_184' title='bbox 818 3462 890 3528; x_wconf 88' lang='lat' dir='ltr'>den.</span> 
     </span>
     <span class='ocr_line' id='line_1_29' title="bbox 271 3573 793 3658; baseline -0.006 -18"><span class='ocrx_word' id='word_1_185' title='bbox 271 3575 419 3642; x_wconf 89' lang='lat' dir='ltr'>Michael</span> <span class='ocrx_word' id='word_1_186' title='bbox 440 3577 630 3658; x_wconf 86' lang='lat' dir='ltr'>Hrussoczi,</span> <span class='ocrx_word' id='word_1_187' title='bbox 657 3580 696 3640; x_wconf 92' lang='grc'>12</span> <span class='ocrx_word' id='word_1_188' title='bbox 722 3573 793 3639; x_wconf 89' lang='lat' dir='ltr'>den.</span> 
     </span>
     <span class='ocr_line' id='line_1_30' title="bbox 271 3679 901 3767; baseline -0.008 -19"><span class='ocrx_word' id='word_1_189' title='bbox 271 3681 493 3767; x_wconf 86' lang='lat' dir='ltr'>Hieronymus</span> <span class='ocrx_word' id='word_1_190' title='bbox 517 3683 735 3756; x_wconf 86' lang='lat' dir='ltr'>Bornemissa,</span> <span class='ocrx_word' id='word_1_191' title='bbox 763 3685 802 3744; x_wconf 82' lang='lat'>16</span> <span class='ocrx_word' id='word_1_192' title='bbox 826 3679 901 3744; x_wconf 90' lang='lat' dir='ltr'>den.</span> 
     </span>
     <span class='ocr_line' id='line_1_31' title="bbox 273 3789 772 3874; baseline -0.004 -19"><span class='ocrx_word' id='word_1_193' title='bbox 273 3791 417 3856; x_wconf 86' lang='lat' dir='ltr'>Michael</span> <span class='ocrx_word' id='word_1_194' title='bbox 442 3789 608 3874; x_wconf 84' lang='lat' dir='ltr'>Segveres,</span> <span class='ocrx_word' id='word_1_195' title='bbox 635 3795 674 3856; x_wconf 90' lang='grc'>12</span> <span class='ocrx_word' id='word_1_196' title='bbox 699 3790 772 3854; x_wconf 88' lang='lat' dir='ltr'>den.</span> 
     </span>
     <span class='ocr_line' id='line_1_32' title="bbox 272 3894 933 3981; baseline -0.008 -17"><span class='ocrx_word' id='word_1_197' title='bbox 272 3899 401 3965; x_wconf 91' lang='lat' dir='ltr'>Nobilis</span> <span class='ocrx_word' id='word_1_198' title='bbox 425 3899 573 3967; x_wconf 70' lang='lat' dir='ltr'>«loannes</span> <span class='ocrx_word' id='word_1_199' title='bbox 596 3894 771 3981; x_wconf 68' lang='lat' dir='ltr'>Khunal),</span> <span class='ocrx_word' id='word_1_200' title='bbox 797 3901 837 3962; x_wconf 91' lang='grc'>12</span> <span class='ocrx_word' id='word_1_201' title='bbox 863 3896 933 3960; x_wconf 91' lang='lat' dir='ltr'>den.</span> 
     </span>
    </p>
   </div>
   <div class='ocr_carea' id='block_1_4' title="bbox 271 4002 1054 4199">
    <p class='ocr_par' dir='ltr' id='par_1_4' title="bbox 271 4002 1054 4199">
     <span class='ocr_line' id='line_1_33' title="bbox 272 4002 1054 4093; baseline -0.006 -19"><span class='ocrx_word' id='word_1_202' title='bbox 272 4005 404 4074; x_wconf 89' lang='lat' dir='ltr'>Nobilis</span> <span class='ocrx_word' id='word_1_203' title='bbox 429 4002 500 4093; x_wconf 87' lang='lat'>[...]</span> <span class='ocrx_word' id='word_1_204' title='bbox 525 4007 651 4074; x_wconf 86' lang='lat' dir='ltr'>Khuna</span> <span class='ocrx_word' id='word_1_205' title='bbox 675 4007 716 4073; x_wconf 87' lang='lat' dir='ltr'>do</span> <span class='ocrx_word' id='word_1_206' title='bbox 739 4005 891 4086; x_wconf 85' lang='lat' dir='ltr'>Cunstut,</span> <span class='ocrx_word' id='word_1_207' title='bbox 920 4009 958 4070; x_wconf 89' lang='grc'>16</span> <span class='ocrx_word' id='word_1_208' title='bbox 983 4003 1054 4071; x_wconf 91' lang='lat' dir='ltr'>den.</span> 
     </span>
     <span class='ocr_line' id='line_1_34' title="bbox 271 4112 864 4199; baseline -0.005 -18"><span class='ocrx_word' id='word_1_209' title='bbox 271 4116 421 4181; x_wconf 81' lang='lat' dir='ltr'>Joannes</span> <span class='ocrx_word' id='word_1_210' title='bbox 444 4112 699 4199; x_wconf 69' lang='lat' dir='ltr'>vaschonius‘),</span> <span class='ocrx_word' id='word_1_211' title='bbox 728 4119 766 4180; x_wconf 94' lang='grc'>12</span> <span class='ocrx_word' id='word_1_212' title='bbox 792 4113 864 4179; x_wconf 89' lang='lat' dir='ltr'>dau.</span> 
     </span>
    </p>
   </div>
   <div class='ocr_carea' id='block_1_5' title="bbox 153 4247 1347 4758">
    <p class='ocr_par' dir='ltr' id='par_1_5' title="bbox 153 4247 1347 4758">
     <span class='ocr_line' id='line_1_35' title="bbox 274 4247 1120 4323; baseline -0.011 -12"><span class='ocrx_word' id='word_1_213' title='bbox 274 4261 294 4319; x_wconf 73' lang='lat'>¹)</span> <span class='ocrx_word' id='word_1_214' title='bbox 314 4260 346 4310; x_wconf 81' lang='lat' dir='ltr'>V.</span> <span class='ocrx_word' id='word_1_215' title='bbox 366 4262 390 4308; x_wconf 82' lang='grc' dir='ltr'>ὃ.</span> <span class='ocrx_word' id='word_1_216' title='bbox 410 4274 426 4309; x_wconf 83' lang='lat' dir='ltr'>a</span> <span class='ocrx_word' id='word_1_217' title='bbox 445 4254 575 4323; x_wconf 77' lang='lat' dir='ltr'>loanyalr.</span> <span class='ocrx_word' id='word_1_218' title='bbox 598 4262 665 4308; x_wconf 75' lang='lat'>1542</span> <span class='ocrx_word' id='word_1_219' title='bbox 686 4259 716 4306; x_wconf 90' lang='lat'>1:</span> <span class='ocrx_word' id='word_1_220' title='bbox 737 4251 876 4320; x_wconf 61' lang='lat' dir='ltr'>Georgius</span> <span class='ocrx_word' id='word_1_221' title='bbox 896 4247 971 4304; x_wconf 79' lang='lat' dir='ltr'>Lede</span> <span class='ocrx_word' id='word_1_222' title='bbox 991 4248 1120 4303; x_wconf 81' lang='lat' dir='ltr'>Silesiue.</span> 
     </span>
     <span class='ocr_line' id='line_1_36' title="bbox 272 4321 1346 4394; baseline -0.007 -12"><span class='ocrx_word' id='word_1_223' title='bbox 272 4334 292 4394; x_wconf 74' lang='lat'>²)</span> <span class='ocrx_word' id='word_1_224' title='bbox 301 4326 523 4394; x_wconf 65' lang='grc'>1161160111111.</span> <span class='ocrx_word' id='word_1_225' title='bbox 534 4335 600 4380; x_wconf 79' lang='grc'>15411</span> <span class='ocrx_word' id='word_1_226' title='bbox 610 4334 634 4380; x_wconf 84' lang='lat'>1:</span> <span class='ocrx_word' id='word_1_227' title='bbox 647 4324 755 4381; x_wconf 83' lang='lat' dir='ltr'>Nobilis</span> <span class='ocrx_word' id='word_1_228' title='bbox 763 4323 910 4379; x_wconf 80' lang='lat' dir='ltr'>Martinus</span> <span class='ocrx_word' id='word_1_229' title='bbox 921 4322 1125 4386; x_wconf 65' lang='lat' dir='ltr'>Karemenciu</span> <span class='ocrx_word' id='word_1_230' title='bbox 1137 4321 1214 4376; x_wconf 80' lang='lat' dir='ltr'>evvcl</span> <span class='ocrx_word' id='word_1_231' title='bbox 1226 4321 1346 4384; x_wconf 81' lang='grc'>11011111).</span> 
     </span>
     <span class='ocr_line' id='line_1_37' title="bbox 272 4392 1286 4467; baseline -0.006 -13"><span class='ocrx_word' id='word_1_232' title='bbox 272 4405 293 4464; x_wconf 80' lang='lat'>³)</span> <span class='ocrx_word' id='word_1_233' title='bbox 313 4406 345 4454; x_wconf 91' lang='lat' dir='ltr'>V.</span> <span class='ocrx_word' id='word_1_234' title='bbox 365 4407 388 4452; x_wconf 85' lang='grc' dir='ltr'>ϋ.</span> <span class='ocrx_word' id='word_1_235' title='bbox 408 4418 425 4454; x_wconf 86' lang='lat' dir='ltr'>a</span> <span class='ocrx_word' id='word_1_236' title='bbox 445 4399 573 4467; x_wconf 71' lang='lat' dir='ltr'>loanynlr.</span> <span class='ocrx_word' id='word_1_237' title='bbox 596 4407 661 4452; x_wconf 76' lang='grc'>1541</span> <span class='ocrx_word' id='word_1_238' title='bbox 683 4403 728 4452; x_wconf 87' lang='lat'>11:</span> <span class='ocrx_word' id='word_1_239' title='bbox 749 4396 876 4452; x_wconf 81' lang='lat' dir='ltr'>Mctbioa</span> <span class='ocrx_word' id='word_1_240' title='bbox 897 4395 987 4448; x_wconf 79' lang='lat' dir='ltr'>Zuclo</span> <span class='ocrx_word' id='word_1_241' title='bbox 1007 4395 1039 4447; x_wconf 83' lang='lat' dir='ltr'>de</span> <span class='ocrx_word' id='word_1_242' title='bbox 1059 4393 1155 4462; x_wconf 84' lang='lat' dir='ltr'>Pcudt,</span> <span class='ocrx_word' id='word_1_243' title='bbox 1177 4392 1286 4448; x_wconf 81' lang='lat' dir='ltr'>nobilis.</span> 
     </span>
     <span class='ocr_line' id='line_1_38' title="bbox 270 4465 1347 4540; baseline -0.006 -16"><span class='ocrx_word' id='word_1_244' title='bbox 270 4475 291 4537; x_wconf 80' lang='lat'>⁴)</span> <span class='ocrx_word' id='word_1_245' title='bbox 311 4477 343 4525; x_wconf 88' lang='lat' dir='ltr'>V.</span> <span class='ocrx_word' id='word_1_246' title='bbox 370 4479 393 4524; x_wconf 82' lang='lat' dir='ltr'>o.</span> <span class='ocrx_word' id='word_1_247' title='bbox 422 4491 438 4526; x_wconf 82' lang='lat' dir='ltr'>a</span> <span class='ocrx_word' id='word_1_248' title='bbox 467 4472 596 4540; x_wconf 72' lang='lat' dir='ltr'>loanyalr.</span> <span class='ocrx_word' id='word_1_249' title='bbox 629 4479 695 4524; x_wconf 77' lang='lat'>1544</span> <span class='ocrx_word' id='word_1_250' title='bbox 723 4476 754 4523; x_wconf 88' lang='lat' dir='ltr'>I:</span> <span class='ocrx_word' id='word_1_251' title='bbox 784 4467 959 4522; x_wconf 78' lang='lat' dir='ltr'>Franci-scus</span> <span class='ocrx_word' id='word_1_252' title='bbox 989 4466 1157 4534; x_wconf 75' lang='lat' dir='ltr'>Striqonins,</span> <span class='ocrx_word' id='word_1_253' title='bbox 1185 4465 1347 4533; x_wconf 77' lang='lat' dir='ltr'>sarrtilioris</span> 
     </span>
     <span class='ocr_line' id='line_1_39' title="bbox 153 4543 763 4613; baseline -0.01 -12"><span class='ocrx_word' id='word_1_254' title='bbox 153 4544 392 4601; x_wconf 68' lang='lat' dir='ltr'>reverendissimi</span> <span class='ocrx_word' id='word_1_255' title='bbox 414 4544 531 4598; x_wconf 85' lang='lat' dir='ltr'>Domini</span> <span class='ocrx_word' id='word_1_256' title='bbox 552 4543 763 4613; x_wconf 75' lang='lat' dir='ltr'>Striyoniensis.</span> 
     </span>
     <span class='ocr_line' id='line_1_40' title="bbox 271 4615 835 4680; baseline -0.007 -10"><span class='ocrx_word' id='word_1_257' title='bbox 271 4623 292 4680; x_wconf 64' lang='grc' dir='ltr'>ι)</span> <span class='ocrx_word' id='word_1_258' title='bbox 312 4619 440 4673; x_wconf 75' lang='lat' dir='ltr'>hituzbla</span> <span class='ocrx_word' id='word_1_259' title='bbox 477 4633 576 4671; x_wconf 86' lang='lat' dir='ltr'>azonos</span> <span class='ocrx_word' id='word_1_260' title='bbox 595 4634 611 4669; x_wconf 84' lang='lat' dir='ltr'>a</span> <span class='ocrx_word' id='word_1_261' title='bbox 629 4615 835 4671; x_wconf 78' lang='lat' dir='ltr'>lrb&#39;vetlrezlivel.</span> 
     </span>
     <span class='ocr_line' id='line_1_41' title="bbox 271 4636 1201 4758; baseline -0.01 -16"><span class='ocrx_word' id='word_1_262' title='bbox 271 4699 292 4756; x_wconf 78' lang='grc'>11</span> <span class='ocrx_word' id='word_1_263' title='bbox 313 4693 345 4742; x_wconf 92' lang='lat' dir='ltr'>V.</span> <span class='ocrx_word' id='word_1_264' title='bbox 365 4695 388 4741; x_wconf 82' lang='lat' dir='ltr'>o.</span> <span class='ocrx_word' id='word_1_265' title='bbox 408 4709 425 4744; x_wconf 81' lang='lat' dir='ltr'>a</span> <span class='ocrx_word' id='word_1_266' title='bbox 440 4636 573 4758; x_wconf 53' lang='grc' dir='ltr'>ί1111111011.</span> <span class='ocrx_word' id='word_1_267' title='bbox 596 4697 662 4744; x_wconf 80' lang='grc'>1512</span> <span class='ocrx_word' id='word_1_268' title='bbox 683 4696 713 4744; x_wconf 92' lang='lat'>1:</span> <span class='ocrx_word' id='word_1_269' title='bbox 734 4690 858 4744; x_wconf 82' lang='lat' dir='ltr'>Joonnes</span> <span class='ocrx_word' id='word_1_270' title='bbox 883 4684 1036 4741; x_wconf 69' lang='lat' dir='ltr'>Vasconicis</span> <span class='ocrx_word' id='word_1_271' title='bbox 1057 4683 1201 4738; x_wconf 79' lang='lat' dir='ltr'>Mora-cus.</span> 
     </span>
    </p>
   </div>
   <div class='ocr_carea' id='block_1_6' title="bbox 0 0 1672 5322">
    <p class='ocr_par' dir='ltr' id='par_1_6' title="bbox 0 0 1672 5322">
     <span class='ocr_line' id='line_1_42' title="bbox 0 0 1672 5322; baseline 0 0"><span class='ocrx_word' id='word_1_272' title='bbox 0 0 1672 5322; x_wconf 95' lang='lat' dir='ltr'> </span> 
     </span>
    </p>
   </div>
  </div>
 </body>
</html>
