3296 5328
77 649 103 712 a.
131 643 228 741 Quis
253 651 491 730 procurator
515 641 697 726 disponet
721 639 1012 725 predicatorem
1038 642 1075 700 et
1102 634 1267 718 depone

488 747 872 832 contrafacientis1).

185 893 389 966 Procurator
422 900 565 964 nationis
598 897 763 963 antedicto
798 897 920 960 electus
950 900 982 958 et
1006 893 1201 958 constitutus
1235 892 1268 954 in

74 1005 127 1069 die
153 1007 260 1071 sancti
286 1005 488 1088 Oolomanui,
513 1029 552 1071 ue
576 1007 667 1070 natio
691 1005 723 1068 in
749 1005 810 1068 bor
827 1003 1024 1086 negligatur,
1044 1001 1196 1083 aliquem,
1213 999 1268 1082 qui

75 1134 263 1178 sermonem
296 1115 402 1195 faciet,
437 1115 567 1180 ordinet
600 1119 747 1196 ternpore
780 1118 927 1192 maturo;
962 1105 1268 1191 sec11s2),sifierec

73 1221 246 1304 neglectio,
269 1243 334 1287 non
358 1221 568 1305 procuratori
592 1219 728 1300 estivali,
762 1219 820 1284 sed
843 1219 960 1301 yemali
985 1225 1132 1302 ternpore
1168 1214 1268 1280 electo

73 1330 224 1411 graviter
248 1353 268 1395 a
292 1332 426 1396 natione
451 1337 500 1396 est
524 1329 758 1414 imputandum,
783 1328 921 1410 denique
946 1333 1005 1393 aut
1028 1348 1086 1410 per
1103 1347 1136 1390 se
1157 1324 1268 1405 faciat,

73 1443 133 1501 aut
158 1438 425 1504 irremissibiliter
449 1460 567 1523 penam
591 1437 694 1502 solvat
719 1435 815 1500 medii
840 1435 895 1500 tal.
920 1435 1138 1502 deuteriorum.

72 1679 103 1737 4.
130 1674 184 1738 Ut
219 1681 449 1758 procurator
482 1674 615 1756 exigat
650 1695 783 1756 penam
808 1695 828 1738 a
850 1693 923 1738 non
949 1667 1268 1754 comparentibus

555 1779 795 1862 nrundatiffi).

188 1919 236 1988 Ne
252 1925 409 1992 mandata
434 1931 492 1990 aot
516 1927 737 1992 intinrationes
760 1949 818 2010 pro
842 1925 1121 1989 nationishonore
1138 1925 1269 1990 achoni

72 2034 279 2097 incremento
312 2035 495 2116 ceterisque
528 2035 716 2118 aspectibus
749 2057 787 2098 ex
821 2053 886 2096 non
911 2033 1169 2116 ‹trrnrparenciunr
1195 2052 1269 2116 sup-

71 2140 261 2221 positorum
294 2141 497 2206 coutumacia
521 2141 694 2206 ridiculum
720 2139 864 2205 indicent
896 2139 1084 2222 frustraque
1117 2141 1268 2206 intimate

72 2244 263 2324 testenturl
288 2269 369 2330 pene
394 2249 589 2313 inanitatem
598 2247 634 2329 ⁴),
659 2247 797 2330 quilibet
820 2255 1014 2330 procurator
1038 2269 1097 2330 pro
1124 2249 1271 2330 tempore
1290 2252 1337 2304 fol.
1359 2253 1407 2304 leb

71 2355 281 2419 constitutus
306 2376 326 2419 a
350 2357 524 2439 suppositis
548 2351 746 2436 annotata⁵)
764 2355 1004 2438 negligentibus
1021 2353 1185 2435 urendata,
1204 2355 1267 2419 nisi

72 2460 251 2540 legittimis
284 2483 322 2526 ac
354 2465 437 2527 veris
461 2466 567 2528 causis
591 2469 794 2542 excusentur,
820 2463 967 2528 districte
996 2484 1096 2546 penas
1120 2461 1268 2526 mandati

71 2569 231 2652 exigendi
257 2575 289 2634 et
313 2570 484 2653 colligendi
508 2573 628 2637 lrabeat
652 2571 891 2654 facult-atuor).

70 2807 102 2867 5.
131 2802 187 2867 L'c
221 2807 384 2888 exequie
413 2806 660 2888 generaliter
694 2829 762 2890 pro
795 2806 973 2871 omnibus
1007 2807 1205 2873 destinetis
1230 2815 1268 2872 et

196 2913 365 2978 maxime
389 2915 542 2978 nationi
567 2914 834 2997 incorporatis
858 2913 1159 2996 celebrentur-⁷).

187 3052 333 3140 Quilibet
364 3066 559 3140 procurator
592 3059 733 3124 nationis
765 3066 902 3142 protunc
935 3059 1073 3124 existens
1097 3060 1139 3124 ad
1163 3062 1267 3126 instar

67 3165 218 3229 aliarum
242 3167 411 3230 nationum
435 3172 564 3234 tenetur
588 3166 737 3232 adminus
762 3167 860 3231 semel
884 3168 917 3232 in
941 3170 1122 3234 mutatione
1139 3168 1266 3251 singula

67 3271 248 3356 supposita
281 3273 424 3338 eiusdem
457 3296 515 3358 per
547 3273 712 3357 publicam
744 3277 994 3342 insinuationem
1023 3297 1199 3340 convocare
1223 3275 1266 3340 ad

67 3379 299 3464 peragendum
323 3381 457 3463 uigilias,
482 3387 516 3445 et
540 3381 724 3464 specialiter
748 3385 861 3448 missas
886 3384 1112 3448 defunctorum
1131 3385 1174 3449 ad
1196 3384 1265 3449 lau-

188 3595 208 3653 ¹)
228 3597 259 3644 V.
280 3597 305 3646 ὃ.
324 3596 437 3648 sacua
455 3594 524 3666 orig.
544 3613 604 3665 cap.
625 3605 649 3649 6.

185 3685 206 3744 ¹)
225 3681 351 3736 Kerobbi
368 3684 417 3738 kez
437 3688 480 3738 ezt
498 3685 555 3740 irta
573 3685 629 3738 fblc
641 3707 656 3760 ³.
672 3686 727 3740 sed.

184 3777 435 3834 pausatura
463 3775 532 3846 orig.
562 3791 621 3844 cap.
653 3783 694 3842 15,
722 3778 826 3846 melyro
855 3781 916 3832 mar
934 3795 987 3850 egy
1010 3778 1124 3832 kerolrbi
1152 3779 1265 3848 lapszeli

63 3864 203 3932 ,iegyzetr
227 3863 297 3918 Vide
314 3881 404 3934 supra
421 3869 440 3918 8
457 3865 475 3936 [
475 3866 543 3934 folio
543 3865 562 3934 J
579 3867 749 3921 hivetkozik.
1185 3917 1189 3924 .

184 3957 207 4018 ⁴)
226 3959 267 4008 Aa
287 3955 442 4010 ›indicent‹
472 3961 530 4012 suot
557 3957 673 4011 kesobbi
691 3958 741 4012 lucz
762 3975 825 4012 »eeu
846 3957 1055 4014 oetercduntr-ra
1076 3963 1185 4026 juvitr'23
1204 3979 1265 4014 erre

38 4039 47 4056 ⁹
65 4061 125 4114 rgy
144 4047 375 4112 masodikjavito
393 4047 595 4102 recubarem
610 4080 641 4088 -
656 4048 843 4104 inunitatem«
856 4050 987 4104 szaveket
1006 4052 1077 4104 torle
1096 4069 1107 4102 a
1126 4051 1265 4118 helyiikbe

64 4155 82 4187 a
105 4135 155 4204 lap
175 4136 281 4189 ezelere
300 4141 343 4190 eat
361 4137 403 4191 ira
415 4137 570 4192 :derisioni
583 4143 769 4206 capiebantur,
782 4139 883 4206 frivole
902 4154 935 4192 ac
953 4140 1067 4208 frustra
1087 4139 1263 4194 intimentur.

183 4229 205 4286 ι)
224 4227 348 4280 Kescbbi
367 4227 416 4282 kez
435 4229 604 4282 hozzatetcle
623 4248 639 4282 a
658 4230 811 4298 lapszelen:
832 4235 857 4284 et
876 4231 936 4284 iam
955 4231 1039 4284 dicto.

183 4320 206 4379 ⁸)
225 4317 349 4370 Kesbbbi
369 4318 476 4372 toldus:
497 4319 536 4374 H.
556 4317 601 4372 De
613 4318 661 4373 boc
675 4319 796 4374 articulo
809 4319 891 4374 habea
904 4337 992 4389 surpra
1005 4321 1074 4389 folio
1086 4325 1115 4374 8⁰
1129 4325 1152 4374 rt
1167 4326 1265 4375 revetra

57 4405 274 4473 juramenrmn
294 4411 326 4460 ut
346 4405 428 4477 iufra
447 4408 478 4461 in
497 4412 598 4476 quarto
617 4412 724 4464 clotario
737 4415 762 4464 et
783 4429 817 4462 er
835 4427 886 4477 quo
902 4427 977 4478 peno
996 4427 1050 4463 raon
1065 4410 1264 4478 estuleacripta,

59 4495 126 4548 erit
146 4495 319 4552 arbitraria.

184 4595 205 4649 ³)
218 4592 250 4642 V.
264 4593 289 4640 ὅ.
304 4591 416 4642 Statutu
436 4589 504 4660 orig.
525 4607 584 4657 cap.
601 4598 623 4644 7.
639 4595 705 4643 Erre
719 4589 780 4642 utel
793 4607 846 4660 egy
863 4592 975 4660 jegpzet
990 4610 1004 4643 n
1018 4592 1172 4660 lapsaelen:
1201 4590 1265 4644 tuo

58 4696 163 4750 surpra
185 4679 228 4724 61η
260 4678 374 4748 [folio]
