3330 5324
1246 471 1249 478 '
1272 453 1345 532 '361

269 653 451 719 Festiritas
468 651 533 720 diri
549 655 704 739 ladislai,
722 659 866 726 nationis
881 662 1021 745 patroni,
1038 683 1157 746 magno
1174 662 1346 747 splendore
1372 644 1490 776 Ῐὲξῖξῆ

159 777 194 836 et
218 765 441 832 membrorum
465 767 593 835 fervore
617 771 782 856 peractal)
805 775 838 838 in
855 773 920 842 divi
938 775 1099 862 Stephani
1114 773 1250 842 basilica
1266 776 1347 872 fuit3

160 892 320 958 sollennia
335 891 508 956 missarum
526 891 703 961 celebravit
719 893 914 978 Hungariae
939 895 1153 961 cancellarius
1177 893 1348 978 episcopus

160 1003 403 1074 illustrissimus
435 1001 531 1069 Dom.
566 1004 753 1088 Stephanus
788 1001 953 1092 Szenniey.
978 1005 1208 1074 interfuerunt
1233 1003 1349 1070 divinis

160 1120 272 1184 senior
292 1115 407 1183 (lomes
431 1115 576 1182 Michael
600 1117 773 1204 Adolphus
798 1117 839 1184 de
861 1115 1011 1196 Althaia,
1036 1119 1152 1186 Oomes
1173 1113 1284 1200 junior
1309 1119 1348 1183 de

161 1227 343 1309 Humanay
376 1247 449 1292 cnm
481 1227 555 1292 aliis
588 1229 697 1295 decem
731 1228 910 1296 baronibus
944 1231 1118 1296 euatione
1142 1227 1348 1314 Hungarica.

160 1343 216 1408 Ex
232 1342 283 1408 his
300 1363 382 1407 uuus
397 1341 493 1406 Dom.
513 1339 701 1425 Stephanus
723 1341 889 1407 Bosniack
912 1342 946 1406 in
971 1341 1102 1405 laudem
1127 1339 1192 1406 divi
1215 1343 1347 1425 patroni

161 1454 294 1536 publice
318 1452 492 1535 peroravit
518 1447 645 1532 Quibus
669 1450 819 1517 omnibus
843 1451 996 1534 peractis,
1020 1453 1112 1516 natio
1136 1450 1346 1533 magnificum

161 1561 338 1627 Rectorem
362 1565 570 1644 praesentem
594 1561 627 1625 in
653 1559 750 1626 aedes
766 1543 910 1644 praefati
927 1560 1023 1625 Dom.
1040 1559 1238 1640 cancellarii,
1254 1581 1348 1642 prae·
1368 1555 1371 1560 ’

161 1675 261 1736 eunte
277 1669 467 1754 sceptrifero
482 1669 617 1752 pedello‚
633 1670 791 1736 comitata
816 1669 887 1748 fuit,
911 1667 969 1734 ubi
993 1668 1136 1733 eiusdem
1160 1668 1347 1734 cancellarii

161 1777 366 1843 liberalitate
389 1799 455 1843 non
479 1778 582 1843 solum
606 1777 781 1860 magnifica
804 1777 944 1844 bellaria
967 1778 1118 1862 appo'sita
1142 1777 1200 1843 sed
1219 1777 1348 1843 musicis

163 1907 294 1970 quoque
317 1886 439 1952 salaria
462 1885 503 1952 ab
528 1887 641 1952 eodem
665 1887 797 1952 exoluta
820 1886 965 1952 fuerunt.

274 2017 325 2076 12.
348 2012 432 2077 Maii
459 2016 555 2078 1626.
579 2013 789 2094 congregatio
814 2013 988 2094 celebrata,
1010 2012 1239 2096 praesentibus
1259 2033 1349 2077 reve·
1369 1987 1497 2118 miliia.

162 2121 266 2188 rendo
282 2119 386 2185 Patre
403 2119 614 2204 Dabronolry,
637 2121 742 2187 Patre
766 2121 793 2186 J
795 2143 898 2188 oanne
922 2121 1093 2200 Trescher,
1116 2117 1266 2188 Graecae
1289 2120 1350 2184 lin·

164 2248 251 2313 guae
275 2229 467 2312 professore,
491 2228 586 2294 Dom.
612 2227 743 2295 Adamo
767 2225 917 2307 Olitorio,
949 2229 1126 2294 reverendo
1142 2227 1245 2294 Patre
1261 2229 1349 2294 Lau·

162 2339 271 2404 rentio
287 2337 431 2404 Kindcff
444 2343 478 2402 et
498 2337 588 2421 Mag.
606 2338 732 2403 Thoma
756 2337 783 2404 J
784 2337 918 2420 azbrini,
941 2337 1126 2422 professore
1150 2335 1350 2404 dialecticae.

161 2445 347 2513 Conclusa:

275 2561 308 2622 1⁰
323 2555 418 2620 Dom.
442 2553 569 2620 Doctor
591 2551 752 2622 Olitorius
777 2578 837 2641 pro
861 2558 1021 2640 singulari
1037 2555 1261 2623 munificentia
1276 2577 1351 2640 pro-

162 2667 254 2730 misit
276 2685 394 2730 ncvam
417 2663 625 2730 matriculam
648 2666 792 2749 propriis
816 2664 1008 2749 sumptibus.

275 2779 310 2838 2⁰
335 2773 383 2839 Ut
415 2772 570 2858 praefata
594 2775 757 2840 festivitas
781 2775 886 2838 sancti
909 2773 1059 2840 Ladislai
1082 2795 1171 2840 more
1195 2777 1350 2839 consueto

163 2881 398 2959 celebraretur,
423 2881 466 2946 ad
490 2883 688 2947 musicorum
713 2887 824 2947 antem
848 2883 1004 2948 salarium
1029 2882 1216 2948 solvendum
1249 2881 1350 2947 bella-

162 2991 280 3073 riaque
314 2989 488 3056 coemenda
522 2989 692 3056 deficiente
724 2989 936 3056 benefactore
969 2990 1097 3074 singula
1118 2991 1267 3057 membra
1289 3009 1349 3074 pro

163 3099 409 3164 contributione
431 3099 640 3182 requirenda.

276 3229 310 3290 3ο
324 3223 487 3310 Quoniam
512 3225 618 3292 dictus
635 3223 729 3291 Dum.
747 3221 908 3292 Olitorius
924 3227 1052 3292 ratione
1068 3224 1228 3310 gravioris
1245 3227 1350 3292 ouius-

163 3335 254 3418 piam
273 3333 396 3399 decreti
420 3357 441 3400 a
463 3333 643 3399 venerabili
670 3334 861 3399 consistorio
884 3336 918 3398 in
942 3339 1061 3417 puncto
1085 3335 1278 3400 iniuriarum
1302 3331 1351 3396 in-

163 3443 395 3509 simulatarum
412 3449 472 3508 etc.
489 3443 754 3508 intercessionem
770 3443 908 3526 supplici
925 3441 1036 3508 oblato
1052 3441 1162 3508 libello
1173 3439 1350 3524 rogitabat,

163 3551 355 3616 conclusum
386 3551 538 3635 petitioni
572 3549 860 3631 subscribendum
893 3549 1024 3616 modum
1058 3571 1143 3632 vero,
1177 3569 1241 3633 quo
1280 3545 1351 3612 fieri

162 3665 285 3743 posset,
308 3656 342 3723 in
366 3657 546 3742 pleniorem
571 3657 858 3741 congregationem
883 3657 1116 3724 reficiendum,
1160 3703 1161 3706 κ

275 3761 393 3848 Quoad
415 3762 624 3829 matriculam
647 3784 772 3843 novam,
797 3770 968 3848 compacta
992 3785 1031 3829 aa
1056 3767 1106 3830 est
1128 3765 1161 3829 in
1185 3763 1272 3842 folio,
1296 3763 1351 3828 de·

163 3873 320 3940 sideratis
344 3871 421 3937 solis
447 3871 617 3952 clausuris,
641 3873 675 3937 in
700 3871 819 3956 quibus
843 3871 1028 3937 omnimode
1045 3871 1250 3937 conficiendis
1267 3869 1352 3936 citra

163 3981 302 4070 dubium
326 3979 469 4064 praefati
493 3981 669 4063 singularis
692 3980 911 4046 benefactoris
944 3979 1041 4044 Dom.
1074 3977 1217 4062 Olitorii,
1249 3979 1350 4044 medi·

163 4091 259 4155 cinae
283 4087 434 4168 doctoris,
460 4079 463 4170 l
488 4087 521 4152 in
537 4087 680 4154 nobilem
696 4087 863 4152 nationem
878 4087 1071 4168 liberalitas,
1087 4089 1218 4154 nonnisi
1234 4087 1350 4154 ultima
1370 4079 1417 4134 f⁰¹·
1434 4087 1498 4133 ¹⁶³⁸

163 4195 282 4262 addita
304 4195 407 4262 fuerit
430 4215 555 4278 manus,
579 4197 795 4280 conquiescet.

1399 4302 1475 4361 raas,

276 4325 327 4386 12.
351 4319 436 4385 Julii
462 4323 557 4386 1626.
581 4343 601 4386 a
623 4319 804 4386 venerabili
827 4321 1021 4386 consistorio
1044 4322 1268 4388 universitatis
1292 4343 1351 4406 per
1377 4367 1429 4433 jol.
1452 4375 1492 4420 12.

164 4430 333 4497 decretum
366 4427 521 4492 intimata
553 4427 617 4492 fuit
651 4427 808 4494 resolutio
833 4425 997 4493 Caesarea
1020 4428 1053 4492 in
1076 4436 1205 4512 punotc,
1228 4451 1268 4493 ne
1292 4427 1351 4494 ullu

275 4713 295 4775 ¹)
315 4713 339 4764 A
357 4709 523 4765 keziratban
538 4712 687 4779 peractum
707 4710 756 4778 alt,
776 4708 886 4763 mintha
905 4709 1056 4778 festum-ra
1074 4708 1273 4763 vonatlroznek.
