3330 5324
367 444 431 515 37¹4

427 645 480 714 du
504 667 568 732 pro
593 645 780 716 exustloue
805 641 1031 722 candelarum
1057 639 1194 730 aliquid
1217 639 1346 714 debeat
1368 638 1490 727 derb).

473 772 644 840 Statutum
669 771 808 858 uuum⁸l
833 776 885 839 hic
910 776 1044 858 reliquit
1067 775 1108 839 ad
1139 775 1346 840 matriculam
1378 773 1539 837 facultatis

365 883 488 946 areium
507 884 588 947 etin
606 883 717 948 eadem
735 885 779 947 sio
796 884 953 948 habetur:
972 883 1056 948 Item
1073 883 1209 948 cuilibet
1223 883 1394 948 intitulato
1413 886 1453 944 24
1469 901 1538 944 cau-
1631 898 1632 959 }

365 987 435 1054 dele
460 991 599 1054 minores
615 990 712 1054 semel
730 997 859 1056 tantum
876 1015 934 1075 pro
952 994 1048 1056 missa
1064 992 1295 1056 defunctorum
1315 991 1419 1072 gratis
1434 1009 1538 1052 conce·
1630 979 1631 1052 Ῑ

366 1096 497 1174 dantur,
522 1099 694 1180 volensque
718 1099 838 1164 habere
863 1099 975 1182 longas
1000 1100 1151 1164 candelas
1175 1121 1234 1183 pro
1256 1099 1430 1164 conductu.
1449 1095 1538 1160 debet

364 1204 404 1268 de
429 1205 506 1288 ipsis
539 1211 581 1270 20
606 1205 677 1270 den.
702 1205 842 1290 Wyeun.
876 1207 962 1271 dare.
996 1207 1082 1272 Item
1116 1207 1156 1271 de
1189 1207 1306 1270 eisdem
1342 1206 1382 1269 ad
1416 1205 1537 1270 arissam

365 1311 594 1378 defunctorum
618 1314 674 1378 det
699 1319 739 1377 30
765 1315 836 1380 deu.
854 1314 1015 1380 Similiter
1039 1314 1095 1380 det
1112 1320 1153 1378 30
1174 1315 1254 1392 den,
1280 1335 1351 1378 curn
1377 1314 1537 1378 habebunt
1630 1301 1631 1308 ἵ

365 1441 418 1485 eae
441 1421 483 1485 ad
508 1422 635 1505 vigilias
660 1424 807 1501 minores
832 1423 875 1486 ad
899 1423 1028 1505 vigilias
1044 1423 1181 1486 maiores
1199 1423 1277 1506 ipsis
1293 1429 1314 1486 4
1332 1425 1427 1485 utens
1443 1420 1536 1484 solvat

366 1531 407 1592 50
432 1529 503 1594 den.
529 1529 614 1594 Item
639 1531 678 1595 de
703 1531 846 1595 candelis
870 1529 1059 1610 minoribus,
1077 1531 1227 1594 videlicet
1245 1527 1335 1610 24³),
1351 1552 1410 1612 pro
1428 1529 1537 1611 vigiliis

365 1637 421 1700 det
446 1641 487 1700 3o
505 1637 585 1718 den,
610 1637 665 1701 sed
690 1636 840 1702 omnibus
865 1645 961 1702 utens
986 1643 1027 1701 50
1045 1637 1147 1717 den.⁴)

850 1759 1060 1769 ..ψ-...μή-

471 1816 571 1882 Anno
587 1818 720 1884 Domini
737 1818 907 1882 millesimo
921 1817 1452 1900 quadringentesimosexagesimo
1462 1838 1537 1880 nouo

364 1925 541 2008 inscriptus
564 1933 613 1990 est
636 1927 678 1992 ad
702 1927 847 1992 nacionis
871 1925 1037 2008 Vngarice
1061 1925 1218 1989 beneficia
1234 1933 1268 1989 et
1283 1925 1436 2007 exequias
1453 1945 1534 1988 rene·

364 2033 478 2098 rabilis
501 2042 533 2098 et
558 2036 708 2118 egregius
733 2037 782 2098 vir
807 2035 895 2117 Mag.
925 2035 1141 2098 Leonhardus
1165 2034 1205 2098 de
1229 2033 1325 2098 Valle
1350 2033 1535 2097 Brixineusi.

363 2143 487 2206 arcium
511 2150 545 2206 et
568 2163 659 2207 sacre
684 2143 844 2224 theologie
878 2143 1046 2226 professor,
1081 2141 1219 2224 protun'c
1255 2139 1423 2204 facultatis
1456 2141 1534 2204 theo-

305 2317 307 2324 χ
363 2250 465 2333 logice
482 2250 633 2330 decanus,
649 2251 736 2314 dicte
756 2252 898 2316 nationis
914 2249 1019 2315 fidelis
1036 2255 1211 2332 promotos
1228 2255 1262 2313 et
1277 2247 1373 2312 solvit
1393 2247 1533 2312 solvenda

362 2359 601 2441 procurationis
635 2358 693 2423 sub
729 2358 835 2424 officio
860 2358 948 2441 Mag.
978 2357 1140 2422 Anthonii
1176 2356 1302 2438 Pogner
1335 2357 1375 2420 de
1408 2354 1533 2420 Corona.

243 2494 307 2540 1412
472 2465 570 2531 Anno
597 2472 680 2532 nlla
705 2467 788 2531 obiit
813 2465 1041 2549 sigismundus
1066 2465 1257 2548 Imperator,
1278 2463 1410 2530 Boemie
1426 2472 1459 2528 et
1475 2463 1533 2528 l'u·

364 2577 454 2660 genie
470 2595 544 2640 rex:
562 2583 653 2658 patet
669 2597 708 2639 ex
724 2575 783 2639 hoc
801 2575 975 2637 versiculo:
994 2573 1092 2639 hal's
1109 2573 1149 2637 In
1160 2571 1309 2638 Ooelesta
1323 2569 1532 2636 sanOtothf.

241 2711 315 2768 1490,
473 2683 570 2748 Anno
595 2683 730 2748 Domini
756 2689 850 2762 1490,
875 2683 996 2748 Martis
1021 2678 1057 2761 (l)
1091 2680 1162 2764 dive
1196 2677 1233 2760 (l)
1258 2681 1437 2763 palmarum
1470 2679 1532 2744 diei.

221 2779 279 2841 '‘³¹³¹-
301 2781 324 2826 ⁶·
364 2791 446 2856 obiit
478 2792 702 2858 serenissimus
736 2791 891 2871 arsanias,
916 2789 1062 2873 Vngarie
1095 2812 1152 2853 rex
1185 2809 1223 2853 ac
1256 2789 1402 2859 Austrie,
1435 2787 1532 2855 Slesie.

365 2897 536 2964 (larintbie
560 2906 619 2963 etc.
644 2899 720 2978 dux,
746 2899 878 2962 taudem
902 2919 987 2962 anno
1011 2897 1123 2962 eodem
1157 2897 1407 2980 gloriosissimus
1438 2895 1531 2960 Maxi-

365 3006 525 3083 milianus,
551 3005 772 3070 Romanorum
796 3027 854 3070 rex
877 3025 1002 3086 seraper
1031 3011 1200 3087 augustus
1234 3004 1356 3068 Albam
1389 3003 1529 3086 Regalem

193 3152 215 3186 c.
230 3141 269 3186 19.
285 3137 352 3184 nov.
365 3116 393 3178 vi
419 3116 618 3198 expugnavit
643 3115 853 3198 obtinuitque
877 3115 965 3178 circa
988 3113 1107 3178 festum
1133 3113 1227 3176 beate
1253 3111 1433 3176 Elisabeth.

207 3214 324 3346 affirss
472 3223 570 3287 Anno
595 3223 711 3287 deinde
736 3223 842 3304 gratie
868 3226 962 3286 1493.
979 3221 1061 3287 obiit
1078 3227 1215 3285 mortem
1231 3220 1468 3286 illustrissimus
1483 3219 1528 3282 inr-

328 3316 334 3330 ⁸
364 3340 495 3412 perator
519 3331 726 3410 FoedericuS‚
750 3339 845 3414 pater
869 3330 946 3408 eius,
971 3330 1023 3393 die
1045 3329 1125 3394 anni
1149 3336 1182 3394 et
1205 3329 1285 3392 hora
1318 3327 1480 3392 eliciendis
1500 3347 1530 3388 es

365 3438 528 3504 distichon
553 3436 589 3522 (l)
614 3439 780 3522 sequenti:

576 3546 696 3612 Sebald
721 3547 755 3610 in
779 3546 901 3612 menide
925 3544 1025 3611 Cesar
1050 3545 1126 3631 spoli
1150 3545 1340 3610 Friderious

580 3655 711 3719 Lutbea
736 3655 917 3718 transvexit
942 3661 973 3717 et
999 3673 1100 3736 regna
1124 3673 1264 3734 superna
1288 3652 1413 3734 petivit.

363 3763 527 3848 (lampone
547 3763 677 3827 litteras
701 3763 837 3826 numeri.

472 3873 627 3950 Karolus,
644 3867 1004 3934 Maximilianiflesaris
1021 3889 1128 3950 nepos
1146 3867 1178 3931 H
1182 3869 1392 3951 yspaniarum
1409 3889 1446 3932 ac
1463 3867 1528 3929 utri-

363 4003 465 4066 usque
489 3979 600 4046 Sicilie
623 4002 689 4056 rex,
712 3977 871 4042 archidux
897 3977 1035 4042 Austrie
1059 3983 1128 4055 ete,
1153 3976 1275 4041 electus
1299 3983 1349 4040 est
1372 3977 1405 4040 in
1425 3977 1528 4039 Roma·

212 4077 332 4200 iffa·
361 4111 477 4155 norum
502 4107 609 4170 regem
635 4084 812 4150 XXVIII.
838 4084 927 4148 Iunii
952 4081 1194 4166 anuoDomini
1221 4088 1316 4147 1519.

471 4269 488 4326 ¹)
508 4269 614 4317 Α-Ιιόν.
633 4265 660 4328 je
682 4261 809 4332 yzeteket
828 4263 881 4315 eldl
901 4280 918 4314 a
938 4262 1015 4314 uoces
1029 4259 1107 4314 beleb
1119 4263 1404 4328 pergament-lapidus
1419 4255 1526 4312 tbhbfile

360 4343 420 4390 XV.
440 4339 470 4389 es
489 4341 563 4391 XVI.
584 4339 642 4390 sze'rz
681 4335 738 4390 beli
759 4335 807 4387 hez
827 4334 890 4388 into.

468 4408 489 4476 ⁹)
509 4413 544 4462 ΕΖ
558 4408 629 4461 alatt
643 4425 673 4461 az
686 4407 759 4460 ered.
779 4406 954 4459 statutumok
975 4415 1015 4458 17.
1035 4403 1150 4468 fejezete
1169 4403 1198 4466 (l.
1220 4403 1282 4456 font
1302 4413 1325 4458 9.
1340 4401 1369 4473 l.)
1382 4401 1525 4458 ortandae

360 4483 406 4536 hol
427 4499 457 4534 az
477 4480 606 4534 Artistdk
626 4485 687 4533 mar
707 4478 839 4532 elveszett
858 4477 1072 4546 anyahbnyvere
1091 4493 1146 4530 van
1166 4476 1266 4528 ubalde.

470 4551 490 4620 ³)
510 4553 632 4606 Kcsobbi
652 4551 702 4604 hez
721 4551 831 4619 pdtls'rsa
850 4567 867 4602 a
885 4567 930 4603 sor
949 4550 1039 4601 soloce,

469 4625 489 4693 ⁴)
511 4631 546 4678 ΕΖ
565 4625 638 4677 alatt
659 4622 833 4691 »Stephanus
852 4621 1022 4690 Zwirschlag
1041 4620 1238 4674 chormaister‹
1259 4619 1402 4685 sajttlrezti
1423 4615 1525 4670 austrea

359 4696 466 4768 (solkal
486 4697 600 4750 kannei
621 4696 714 4750 tuebor
736 4693 807 4748 mint
827 4711 910 4764 maga
930 4713 959 4746 aa
979 4694 1054 4746 eldad
1074 4690 1238 4762 bajegyzer.)
