3330 5324
1266 405 1328 470 367

139 605 174 674 in
199 603 375 678 Rectorem
399 602 609 694 magnificum
638 605 863 674 uniuersitatis
882 601 1032 689 nobilem,
1061 603 1277 672 clarissimum
1298 610 1330 669 et

139 716 448 785 excellentissimum
472 717 568 782 Dom.
592 715 771 783 Doctorem
795 714 976 782 medicinae
995 711 1211 780 Guilielmum
1221 713 1328 780 Rech-

137 841 267 908 perger‚
300 826 505 892 archiatrum
539 845 653 890 sacrae
685 821 868 890 Caesareae
901 823 1091 890 Maiestatis
1124 821 1329 888 Fordinandi

139 933 276 998 secundi
301 935 435 1019 eiusque
458 935 686 1000 consiliarium.

249 1087 316 1153 Hic
334 1089 601 1174 praenominatus
619 1087 715 1154 Dom.
734 1085 860 1153 Ductor
875 1086 1020 1153 Michael
1039 1085 1206 1166 Hoffman,
1225 1085 1329 1150 natio·

140 1195 191 1260 nis
221 1193 318 1261 huius
341 1201 545 1280 procurator,
569 1197 648 1279 quia
671 1218 691 1263 a.
724 1197 886 1262 decanatu
918 1217 977 1262 suo
1010 1195 1104 1261 facile
1128 1194 1242 1270 abesse
1265 1215 1330 1258 uon

143 1305 408 1386 pote1·at,misso
432 1305 511 1371 mihi
535 1305 622 1370 libro
655 1305 831 1390 praesenti,
864 1306 994 1388 rogavit
1026 1325 1086 1385 me,
1110 1309 1272 1388 quatenus
1295 1302 1329 1367 in

141 1409 206 1476 hac
228 1414 417 1496 procuratia
441 1415 527 1480 vices
559 1414 662 1498 ipsius
693 1413 804 1480 subire
837 1413 952 1478 vellem
985 1418 1056 1478 tum
1080 1411 1114 1476 in
1138 1411 1330 1476 consistorio

144 1523 216 1584 tum
238 1520 272 1584 in
296 1521 368 1591 aliis
392 1521 530 1604 actibus,
554 1522 651 1606 quod,
676 1522 737 1588 etsi
761 1543 821 1605 ego
854 1520 1007 1605 gravibus
1041 1525 1075 1588 et
1107 1520 1218 1586 multis
1241 1521 1330 1585 simi-

140 1627 218 1692 liter
243 1629 468 1712 spiritualibus
492 1631 599 1696 causis
623 1635 801 1713 occupatus
826 1629 952 1712 fuerim,
973 1629 1141 1713 acceptavi
1165 1633 1275 1693 tamen
1296 1632 1329 1692 et

141 1735 288 1802 officium
311 1739 549 1805 administravi.
574 1735 666 1822 Quae
690 1761 766 1806 vero
799 1745 893 1822 gesta
916 1743 993 1804 sunt
1014 1741 1135 1803 notatu
1158 1737 1268 1820 digna,
1291 1739 1331 1801 ut

141 1845 293 1927 sequitur
317 1843 459 1911 fideliter
482 1844 604 1911 notavi.

250 1978 362 2044 Primo
373 2001 432 2064 ego
444 1977 667 2064 Stephanus
686 1978 936 2064 Zwirsehlag‚
946 1978 1169 2064 philosophiae
1180 1983 1213 2046 et
1223 2001 1329 2046 sacro-

140 2091 276 2151 sanctae
300 2086 487 2171 theologiae
512 2087 635 2169 doctor,
658 2089 906 2172 protonotarius
940 2087 1151 2172 apostolicus,
1175 2087 1328 2154 ecclesiae

140 2193 345 2284 cathedralis
366 2194 409 2259 ad
433 2192 592 2260 sanctum
607 2189 813 2279 Stephanum
837 2194 986 2262 Viennae
1011 2195 1268 2278 chorimagister,
1291 2201 1329 2262 ut

140 2299 339 2384 praefertur,
363 2301 564 2368 substitutus
588 2310 792 2386 procurator,
811 2301 858 2368 nil
870 2304 981 2386 accepi
1003 2303 1066 2369 nisi
1089 2304 1176 2369 huno
1199 2303 1330 2369 librum.

248 2441 313 2509 Die
337 2466 414 2510 vero
441 2448 490 2511 19.
510 2445 687 2512 Februarii
700 2449 794 2512 1629.
806 2445 931 2512 Rector
948 2445 1140 2529 magnificus
1151 2451 1184 2512 et
1195 2468 1327 2513 venera·
1341 2411 1478 2530 feliiib’a

139 2552 207 2618 bile
239 2554 473 2620 consistorium
507 2559 650 2638 quatuor
683 2555 823 2621 dominis
855 2555 1126 2639 procuratoribus
1158 2555 1329 2622 nationum

138 2662 232 2726 misit
255 2663 505 2754 intimationem,
530 2665 691 2754 quomodo
710 2665 922 2749 imposterum
946 2665 978 2728 iu
1003 2663 1235 2730 substitutione
1254 2685 1329 2748 pro-

139 2777 342 2854 curatorum,
367 2772 395 2836 si
423 2793 508 2856 quae
531 2771 603 2838 fieri
637 2772 766 2854 debeat,
798 2772 841 2838 sit
874 2771 1122 2857 procedendum.
1146 2771 1256 2838 Tener
1279 2793 1329 2837 se-

138 2880 255 2962 quitur
279 2885 313 2948 et
335 2886 385 2946 est
408 2881 503 2946 talis:

249 3022 327 3091 Von
352 3017 411 3102 deb
437 3021 548 3088 Herrn
572 3022 737 3106 magnifici
762 3023 921 3105 Rectoria
945 3023 1192 3108 khayserliehen
1215 3022 1328 3090 Herrn

139 3129 453 3216 Superintendentis
485 3131 553 3196 und
585 3129 781 3196 venerabilis
814 3131 1009 3198 Oonsistorii
1041 3154 1153 3216 wegen
1186 3139 1328 3218 quatuor

143 3239 330 3309 Nationum
354 3241 469 3306 Herrn
491 3239 769 3305 Procuratoribus
793 3261 833 3306 ex
857 3239 964 3307 officio
998 3243 1204 3325 anauzaigen.
1228 3243 1328 3308 Dem-

140 3348 229 3413 nach
253 3343 290 3427 θβ
320 3347 390 3414 sich
413 3369 471 3412 zue
495 3347 613 3412 Zeiten
645 3345 770 3430 begibt,
794 3347 869 3412 dass
901 3348 1014 3431 Emer,
1047 3371 1082 3414 so
1113 3351 1164 3414 nit
1187 3355 1271 3416 stete
1294 3352 1328 3416 in

137 3455 212 3522 loco
236 3456 322 3521 undt
343 3454 555 3522 verbleiblich
577 3455 633 3520 hie
656 3455 709 3537 ist,
742 3456 777 3520 in
809 3455 1061 3524 Procuratorem
1095 3457 1248 3524 Nationis
1272 3458 1329 3523 eli·

139 3563 241 3647 giert,
265 3585 327 3628 uon
350 3564 438 3629 ihme
462 3563 514 3629 ein
531 3563 670 3628 anderer
703 3563 918 3646 substituiert‚
950 3565 1033 3630 undt
1065 3565 1214 3632 solliches
1237 3565 1328 3631 Herr

143 3669 341 3753 magnificus
364 3671 489 3737 Rector
499 3676 533 3736 et
541 3669 728 3736 venerabile
739 3669 976 3738 Oousietorium
996 3695 1054 3737 zur
1077 3673 1328 3758 Naohrichtung

143 3777 325 3844 offtermais
350 3780 401 3844 nit
423 3779 585 3844 intimiert
607 3779 724 3861 wiirdt,
748 3779 904 3846 hiedureh
928 3781 1010 3846 aber
1033 3781 1220 3846 allerhandt
1243 3777 1328 3848 Ocn-

142 3885 288 3952 fusiones
298 3886 381 3952 undt
392 3887 639 3972 Unordnungen
650 3887 818 3971 ervolgen3
843 3889 1030 3954 disemnaoh
1054 3904 1089 3954 so
1107 3890 1220 3956 wbllen
1240 3889 1327 3954 weil·

139 3993 299 4059 ermelter
322 3995 413 4060 Herr
429 3995 554 4061 Rector
573 3995 642 4060 und
661 3994 907 4078 Consisterinm,
930 3991 992 4076 dab
1008 3981 1142 4063 ¹fuirohin
1162 3997 1328 4080 jedweder

139 4101 314 4167 erwithlter
337 4101 539 4167 Procurator
564 4103 615 4168 ein
640 4101 720 4167 oder
739 4102 798 4168 der
817 4103 942 4169 andern
961 4101 1095 4186 Nation‚
1118 4105 1163 4169 im
1186 4105 1273 4172 Fahl
1292 4127 1327 4170 er

139 4209 239 4274 nicht
262 4211 298 4275 in
321 4231 462 4294 persona
486 4209 560 4275 dem
585 4208 787 4276 Oonsietorio
819 4211 1028 4295 beyuohnem
1059 4213 1158 4296 khan,
1182 4233 1219 4278 er
1242 4215 1327 4279 aint-

139 4317 266 4384 weders
289 4319 399 4384 seiuen
433 4318 685 4386 Antecessorem
720 4320 803 4384 undt
835 4321 1136 4406 Exprocuratorem
1167 4343 1225 4386 vor
1257 4322 1326 4386 sich

140 4427 285 4495 selbsten
309 4430 389 4495 oder
413 4431 493 4497 aber
526 4432 579 4496 ein
612 4431 714 4496 ander
746 4429 909 4512 tauglichs
942 4429 1132 4498 Subiectum
1157 4433 1217 4495 mit
1240 4430 1326 4498 Vor-

137 4537 256 4603 wissen
279 4539 362 4604 undt
385 4539 618 4623 Einwilligung
642 4539 754 4604 Herrn
770 4539 920 4605 Rectoris
933 4538 1135 4621 substituire,
1153 4539 1326 4604 damitder
1417 4525 1419 4541 '

8 4737 10 4746 ‚
139 4642 304 4734 Ordnung
327 4647 412 4714 nach
444 4649 486 4714 ad
519 4647 725 4715 Consistoria
757 4653 792 4714 et
825 4652 917 4714 aetus
950 4649 1097 4734 publicos
1120 4649 1207 4715 ibme
1231 4654 1323 4736 miige
