<?xml version="1.0" encoding="UTF-8"?>
<!DOCTYPE html PUBLIC "-//W3C//DTD XHTML 1.0 Transitional//EN"
    "http://www.w3.org/TR/xhtml1/DTD/xhtml1-transitional.dtd">
<html xmlns="http://www.w3.org/1999/xhtml" xml:lang="en" lang="en">
 <head>
  <title>
</title>
<meta http-equiv="Content-Type" content="text/html;charset=utf-8" />
  <meta name='ocr-system' content='tesseract 3.04.00' />
  <meta name='ocr-capabilities' content='ocr_page ocr_carea ocr_par ocr_line ocrx_word'/>
</head>
<body>
  <div class='ocr_page' id='page_1' title='image "./abcsiegyetemmag00akadgoog/abcsiegyetemmag00akadgoog_0119.png"; bbox 0 0 3296 5328; ppageno 0'>
   <div class='ocr_carea' id='block_1_1' title="bbox 322 409 341 466">
    <p class='ocr_par' dir='ltr' id='par_1_1' title="bbox 322 409 341 466">
     <span class='ocr_line' id='line_1_1' title="bbox 322 409 341 466; baseline 0 0"><span class='ocrx_word' id='word_1_1' title='bbox 322 409 341 466; x_wconf 78' lang='lat'>8</span> 
     </span>
    </p>
   </div>
   <div class='ocr_carea' id='block_1_2' title="bbox 325 553 1506 683">
    <p class='ocr_par' dir='ltr' id='par_1_2' title="bbox 325 553 1506 683">
     <span class='ocr_line' id='line_1_2' title="bbox 325 553 1506 683; baseline -0.012 -16"><span class='ocrx_word' id='word_1_2' title='bbox 325 606 373 668; x_wconf 78' lang='lat'>14.</span> <span class='ocrx_word' id='word_1_3' title='bbox 408 601 463 666; x_wconf 89' lang='lat' dir='ltr'>De</span> <span class='ocrx_word' id='word_1_4' title='bbox 498 601 724 666; x_wconf 88' lang='lat' dir='ltr'>cohertione</span> <span class='ocrx_word' id='word_1_5' title='bbox 758 553 1047 683; x_wconf 87' lang='lat' dir='ltr'>suppositorum</span> <span class='ocrx_word' id='word_1_6' title='bbox 1082 597 1129 662; x_wconf 85' lang='lat' dir='ltr'>ad</span> <span class='ocrx_word' id='word_1_7' title='bbox 1154 617 1192 662; x_wconf 89' lang='lat' dir='ltr'>se</span> <span class='ocrx_word' id='word_1_8' title='bbox 1216 592 1506 660; x_wconf 78' lang='lat' dir='ltr'><strong>intitulandum.</strong></span> 
     </span>
    </p>
   </div>
   <div class='ocr_carea' id='block_1_3' title="bbox 319 723 1508 1897">
    <p class='ocr_par' dir='ltr' id='par_1_3' title="bbox 319 723 1508 1897">
     <span class='ocr_line' id='line_1_3' title="bbox 428 723 1508 812; baseline -0.003 -22"><span class='ocrx_word' id='word_1_9' title='bbox 428 723 472 793; x_wconf 90' lang='lat' dir='ltr'>In</span> <span class='ocrx_word' id='word_1_10' title='bbox 496 727 609 794; x_wconf 85' lang='lat' dir='ltr'>eadem</span> <span class='ocrx_word' id='word_1_11' title='bbox 634 729 886 812; x_wconf 80' lang='lat' dir='ltr'>congregatione</span> <span class='ocrx_word' id='word_1_12' title='bbox 909 726 973 792; x_wconf 84' lang='lat' dir='ltr'>luit</span> <span class='ocrx_word' id='word_1_13' title='bbox 997 725 1191 806; x_wconf 86' lang='lat' dir='ltr'>conclusum,</span> <span class='ocrx_word' id='word_1_14' title='bbox 1216 745 1254 790; x_wconf 82' lang='lat' dir='ltr'>ex</span> <span class='ocrx_word' id='word_1_15' title='bbox 1285 746 1351 808; x_wconf 91' lang='lat' dir='ltr'>quo</span> <span class='ocrx_word' id='word_1_16' title='bbox 1383 723 1508 807; x_wconf 88' lang='lat' dir='ltr'>singula</span> 
     </span>
     <span class='ocr_line' id='line_1_4' title="bbox 320 826 1507 922; baseline -0.005 -18"><span class='ocrx_word' id='word_1_17' title='bbox 320 837 544 904; x_wconf 80' lang='lat' dir='ltr'>universitatis</span> <span class='ocrx_word' id='word_1_18' title='bbox 568 837 736 922; x_wconf 87' lang='lat' dir='ltr'>supposita</span> <span class='ocrx_word' id='word_1_19' title='bbox 759 838 851 902; x_wconf 86' lang='lat' dir='ltr'>iuxta</span> <span class='ocrx_word' id='word_1_20' title='bbox 875 837 989 902; x_wconf 87' lang='lat' dir='ltr'>seriem</span> <span class='ocrx_word' id='word_1_21' title='bbox 1014 857 1053 902; x_wconf 88' lang='lat' dir='ltr'>ac</span> <span class='ocrx_word' id='word_1_22' title='bbox 1077 843 1221 901; x_wconf 87' lang='lat' dir='ltr'>tenorem</span> <span class='ocrx_word' id='word_1_23' title='bbox 1247 826 1415 900; x_wconf 88' lang='lat' dir='ltr'>cuiusdam</span> <span class='ocrx_word' id='word_1_24' title='bbox 1443 840 1507 898; x_wconf 83' lang='lat' dir='ltr'>sta·-</span> 
     </span>
     <span class='ocr_line' id='line_1_5' title="bbox 320 943 1507 1031; baseline -0.006 -17"><span class='ocrx_word' id='word_1_25' title='bbox 320 951 384 1014; x_wconf 90' lang='lat' dir='ltr'>tuti</span> <span class='ocrx_word' id='word_1_26' title='bbox 407 948 628 1013; x_wconf 84' lang='lat' dir='ltr'>univcrsitatis</span> <span class='ocrx_word' id='word_1_27' title='bbox 651 945 797 1031; x_wconf 87' lang='lat' dir='ltr'>predicte</span> <span class='ocrx_word' id='word_1_28' title='bbox 820 943 846 1029; x_wconf 85' lang='lat'>¹)</span> <span class='ocrx_word' id='word_1_29' title='bbox 871 947 1013 1013; x_wconf 75' lang='lat' dir='ltr'>existant</span> <span class='ocrx_word' id='word_1_30' title='bbox 1037 945 1291 1030; x_wconf 88' lang='lat' dir='ltr'>quadripartita,</span> <span class='ocrx_word' id='word_1_31' title='bbox 1318 951 1430 1009; x_wconf 86' lang='lat' dir='ltr'>nostre</span> <span class='ocrx_word' id='word_1_32' title='bbox 1453 955 1507 1008; x_wconf 81' lang='lat' dir='ltr'>na·</span> 
     </span>
     <span class='ocr_line' id='line_1_6' title="bbox 319 1049 1506 1137; baseline -0.005 -15"><span class='ocrx_word' id='word_1_33' title='bbox 319 1057 400 1122; x_wconf 89' lang='lat' dir='ltr'>tioni</span> <span class='ocrx_word' id='word_1_34' title='bbox 425 1078 463 1121; x_wconf 87' lang='lat' dir='ltr'>ac</span> <span class='ocrx_word' id='word_1_35' title='bbox 487 1053 560 1120; x_wconf 89' lang='lat' dir='ltr'>aliis</span> <span class='ocrx_word' id='word_1_36' title='bbox 589 1054 760 1120; x_wconf 87' lang='lat' dir='ltr'>matricula</span> <span class='ocrx_word' id='word_1_37' title='bbox 793 1077 852 1137; x_wconf 89' lang='lat' dir='ltr'>per</span> <span class='ocrx_word' id='word_1_38' title='bbox 886 1053 1028 1134; x_wconf 88' lang='lat' dir='ltr'>eandem,</span> <span class='ocrx_word' id='word_1_39' title='bbox 1061 1058 1099 1118; x_wconf 90' lang='lat' dir='ltr'>ut</span> <span class='ocrx_word' id='word_1_40' title='bbox 1131 1055 1167 1118; x_wconf 92' lang='lat' dir='ltr'>in</span> <span class='ocrx_word' id='word_1_41' title='bbox 1200 1049 1320 1119; x_wconf 87' lang='lat' dir='ltr'>eisdem</span> <span class='ocrx_word' id='word_1_42' title='bbox 1352 1051 1506 1118; x_wconf 84' lang='lat' dir='ltr'>distincte</span> 
     </span>
     <span class='ocr_line' id='line_1_7' title="bbox 321 1157 1507 1248; baseline -0.003 -19"><span class='ocrx_word' id='word_1_43' title='bbox 321 1165 496 1232; x_wconf 87' lang='lat' dir='ltr'>earundem</span> <span class='ocrx_word' id='word_1_44' title='bbox 513 1165 684 1248; x_wconf 89' lang='lat' dir='ltr'>supposita</span> <span class='ocrx_word' id='word_1_45' title='bbox 700 1163 921 1229; x_wconf 77' lang='lat' dir='ltr'>inscribantur</span> <span class='ocrx_word' id='word_1_46' title='bbox 939 1181 995 1228; x_wconf 88' lang='lat' dir='ltr'>seu</span> <span class='ocrx_word' id='word_1_47' title='bbox 1011 1157 1229 1246; x_wconf 77' lang='lat' dir='ltr'>intitulentur,</span> <span class='ocrx_word' id='word_1_48' title='bbox 1246 1167 1324 1228; x_wconf 88' lang='lat' dir='ltr'>sunt</span> <span class='ocrx_word' id='word_1_49' title='bbox 1343 1177 1507 1236; x_wconf 86' lang='lat' dir='ltr'>concesse;</span> 
     </span>
     <span class='ocr_line' id='line_1_8' title="bbox 320 1271 1507 1358; baseline -0.003 -20"><span class='ocrx_word' id='word_1_50' title='bbox 320 1295 394 1358; x_wconf 85' lang='lat' dir='ltr'>que,</span> <span class='ocrx_word' id='word_1_51' title='bbox 418 1274 481 1339; x_wconf 90' lang='lat' dir='ltr'>nisi</span> <span class='ocrx_word' id='word_1_52' title='bbox 505 1294 563 1356; x_wconf 87' lang='lat' dir='ltr'>per</span> <span class='ocrx_word' id='word_1_53' title='bbox 586 1277 833 1356; x_wconf 85' lang='lat' dir='ltr'>procuratorem</span> <span class='ocrx_word' id='word_1_54' title='bbox 857 1273 981 1338; x_wconf 89' lang='lat' dir='ltr'>monita</span> <span class='ocrx_word' id='word_1_55' title='bbox 1005 1293 1043 1336; x_wconf 91' lang='lat' dir='ltr'>ac</span> <span class='ocrx_word' id='word_1_56' title='bbox 1067 1277 1220 1337; x_wconf 85' lang='lat' dir='ltr'>exortata</span> <span class='ocrx_word' id='word_1_57' title='bbox 1243 1271 1433 1336; x_wconf 80' lang='lat' dir='ltr'>rennuerint</span> <span class='ocrx_word' id='word_1_58' title='bbox 1452 1291 1507 1335; x_wconf 89' lang='lat' dir='ltr'>sen</span> 
     </span>
     <span class='ocr_line' id='line_1_9' title="bbox 321 1379 1507 1462; baseline -0.003 -16"><span class='ocrx_word' id='word_1_59' title='bbox 321 1382 546 1450; x_wconf 81' lang='lat' dir='ltr'>recusaverint</span> <span class='ocrx_word' id='word_1_60' title='bbox 578 1379 751 1460; x_wconf 85' lang='lat' dir='ltr'>intitulari,</span> <span class='ocrx_word' id='word_1_61' title='bbox 786 1385 912 1462; x_wconf 86' lang='lat' dir='ltr'>extunc,</span> <span class='ocrx_word' id='word_1_62' title='bbox 945 1379 1067 1446; x_wconf 90' lang='lat' dir='ltr'>habitis</span> <span class='ocrx_word' id='word_1_63' title='bbox 1106 1379 1240 1446; x_wconf 90' lang='lat' dir='ltr'>consilio</span> <span class='ocrx_word' id='word_1_64' title='bbox 1274 1399 1314 1443; x_wconf 89' lang='lat' dir='ltr'>ao</span> <span class='ocrx_word' id='word_1_65' title='bbox 1353 1399 1507 1443; x_wconf 85' lang='lat' dir='ltr'>consensu</span> 
     </span>
     <span class='ocr_line' id='line_1_10' title="bbox 320 1488 1508 1572; baseline -0.005 -16"><span class='ocrx_word' id='word_1_66' title='bbox 320 1491 443 1556; x_wconf 91' lang='lat' dir='ltr'>domini</span> <span class='ocrx_word' id='word_1_67' title='bbox 467 1491 614 1570; x_wconf 88' lang='lat' dir='ltr'>rectoris,</span> <span class='ocrx_word' id='word_1_68' title='bbox 640 1490 786 1572; x_wconf 91' lang='lat' dir='ltr'>rigoroso</span> <span class='ocrx_word' id='word_1_69' title='bbox 810 1509 964 1572; x_wconf 83' lang='lat' dir='ltr'>processu</span> <span class='ocrx_word' id='word_1_70' title='bbox 989 1489 1030 1554; x_wconf 89' lang='lat' dir='ltr'>ad</span> <span class='ocrx_word' id='word_1_71' title='bbox 1064 1489 1098 1554; x_wconf 87' lang='lat' dir='ltr'>id</span> <span class='ocrx_word' id='word_1_72' title='bbox 1131 1488 1316 1554; x_wconf 82' lang='lat' dir='ltr'>faciendum</span> <span class='ocrx_word' id='word_1_73' title='bbox 1350 1493 1508 1570; x_wconf 86' lang='lat' dir='ltr'>cogantur</span> 
     </span>
     <span class='ocr_line' id='line_1_11' title="bbox 320 1595 1507 1682; baseline -0.005 -18"><span class='ocrx_word' id='word_1_74' title='bbox 320 1618 376 1664; x_wconf 86' lang='lat' dir='ltr'>seu</span> <span class='ocrx_word' id='word_1_75' title='bbox 400 1598 647 1682; x_wconf 85' lang='lat' dir='ltr'>compellantur,</span> <span class='ocrx_word' id='word_1_76' title='bbox 671 1617 747 1660; x_wconf 91' lang='lat' dir='ltr'>nam</span> <span class='ocrx_word' id='word_1_77' title='bbox 771 1597 852 1660; x_wconf 90' lang='lat' dir='ltr'>talia</span> <span class='ocrx_word' id='word_1_78' title='bbox 876 1597 1043 1680; x_wconf 88' lang='lat' dir='ltr'>supposita</span> <span class='ocrx_word' id='word_1_79' title='bbox 1066 1617 1089 1661; x_wconf 88' lang='lat' dir='ltr'>a</span> <span class='ocrx_word' id='word_1_80' title='bbox 1109 1595 1298 1662; x_wconf 89' lang='lat' dir='ltr'>nationibus</span> <span class='ocrx_word' id='word_1_81' title='bbox 1315 1601 1459 1678; x_wconf 90' lang='lat' dir='ltr'>quatuor</span> <span class='ocrx_word' id='word_1_82' title='bbox 1476 1615 1507 1658; x_wconf 89' lang='lat' dir='ltr'>se</span> 
     </span>
     <span class='ocr_line' id='line_1_12' title="bbox 319 1701 1507 1790; baseline -0.005 -18"><span class='ocrx_word' id='word_1_83' title='bbox 319 1706 487 1772; x_wconf 86' lang='lat' dir='ltr'>eximendo</span> <span class='ocrx_word' id='word_1_84' title='bbox 510 1708 660 1790; x_wconf 82' lang='lat' dir='ltr'>quintam</span> <span class='ocrx_word' id='word_1_85' title='bbox 682 1701 709 1788; x_wconf 75' lang='lat'>⁹)</span> <span class='ocrx_word' id='word_1_86' title='bbox 732 1705 898 1770; x_wconf 87' lang='lat' dir='ltr'>nationem</span> <span class='ocrx_word' id='word_1_87' title='bbox 923 1709 1038 1769; x_wconf 90' lang='lat' dir='ltr'>contra</span> <span class='ocrx_word' id='word_1_88' title='bbox 1062 1710 1188 1772; x_wconf 88' lang='lat' dir='ltr'>statuta</span> <span class='ocrx_word' id='word_1_89' title='bbox 1220 1705 1418 1770; x_wconf 88' lang='lat' dir='ltr'>constituere</span> <span class='ocrx_word' id='word_1_90' title='bbox 1452 1724 1507 1767; x_wconf 88' lang='lat' dir='ltr'>seu</span> 
     </span>
     <span class='ocr_line' id='line_1_13' title="bbox 320 1813 655 1897; baseline 0 -19"><span class='ocrx_word' id='word_1_91' title='bbox 320 1815 445 1897; x_wconf 88' lang='lat' dir='ltr'>erigere</span> <span class='ocrx_word' id='word_1_92' title='bbox 468 1813 655 1880; x_wconf 88' lang='lat' dir='ltr'>intendunt.</span> 
     </span>
    </p>
   </div>
   <div class='ocr_carea' id='block_1_4' title="bbox 322 2009 1507 2204">
    <p class='ocr_par' dir='ltr' id='par_1_4' title="bbox 322 2009 1507 2204">
     <span class='ocr_line' id='line_1_14' title="bbox 322 2009 1507 2102; baseline -0.003 -24"><span class='ocrx_word' id='word_1_93' title='bbox 322 2015 372 2078; x_wconf 88' lang='lat'>15.</span> <span class='ocrx_word' id='word_1_94' title='bbox 394 2012 450 2077; x_wconf 88' lang='lat' dir='ltr'>De</span> <span class='ocrx_word' id='word_1_95' title='bbox 474 2009 669 2102; x_wconf 81' lang='lat' dir='ltr'>facultate</span> <span class='ocrx_word' id='word_1_96' title='bbox 693 2011 876 2094; x_wconf 86' lang='lat' dir='ltr'>exigendi</span> <span class='ocrx_word' id='word_1_97' title='bbox 901 2033 1022 2095; x_wconf 89' lang='lat' dir='ltr'>penas</span> <span class='ocrx_word' id='word_1_98' title='bbox 1047 2033 1156 2077; x_wconf 89' lang='lat' dir='ltr'>anon</span> <span class='ocrx_word' id='word_1_99' title='bbox 1181 2009 1507 2096; x_wconf 86' lang='lat' dir='ltr'>comparentibus</span> 
     </span>
     <span class='ocr_line' id='line_1_15' title="bbox 642 2121 1184 2204; baseline 0 -20"><span class='ocrx_word' id='word_1_100' title='bbox 642 2121 837 2186; x_wconf 88' lang='lat' dir='ltr'>mandatis</span> <span class='ocrx_word' id='word_1_101' title='bbox 869 2127 1184 2204; x_wconf 88' lang='lat' dir='ltr'>procuratorum.</span> 
     </span>
    </p>
   </div>
   <div class='ocr_carea' id='block_1_5' title="bbox 318 2242 1507 2976">
    <p class='ocr_par' dir='ltr' id='par_1_5' title="bbox 318 2242 1507 2976">
     <span class='ocr_line' id='line_1_16' title="bbox 426 2242 1506 2327; baseline -0.005 -17"><span class='ocrx_word' id='word_1_102' title='bbox 426 2242 543 2310; x_wconf 78' lang='lat' dir='ltr'>Teroio</span> <span class='ocrx_word' id='word_1_103' title='bbox 567 2245 823 2312; x_wconf 84' lang='lat' dir='ltr'>concludebatur</span> <span class='ocrx_word' id='word_1_104' title='bbox 846 2248 880 2310; x_wconf 92' lang='lat' dir='ltr'>in</span> <span class='ocrx_word' id='word_1_105' title='bbox 905 2247 1029 2327; x_wconf 81' lang='lat' dir='ltr'>eadem,</span> <span class='ocrx_word' id='word_1_106' title='bbox 1053 2268 1094 2311; x_wconf 92' lang='lat' dir='ltr'>ne</span> <span class='ocrx_word' id='word_1_107' title='bbox 1118 2247 1274 2311; x_wconf 90' lang='lat' dir='ltr'>mandata</span> <span class='ocrx_word' id='word_1_108' title='bbox 1298 2267 1355 2312; x_wconf 86' lang='lat' dir='ltr'>seu</span> <span class='ocrx_word' id='word_1_109' title='bbox 1374 2245 1506 2310; x_wconf 90' lang='lat' dir='ltr'>intima·</span> 
     </span>
     <span class='ocr_line' id='line_1_17' title="bbox 319 2350 1507 2437; baseline -0.003 -21"><span class='ocrx_word' id='word_1_110' title='bbox 319 2353 426 2418; x_wconf 88' lang='lat' dir='ltr'>ciones</span> <span class='ocrx_word' id='word_1_111' title='bbox 449 2353 671 2437; x_wconf 88' lang='lat' dir='ltr'>procuratoris</span> <span class='ocrx_word' id='word_1_112' title='bbox 695 2375 753 2436; x_wconf 93' lang='lat' dir='ltr'>pro</span> <span class='ocrx_word' id='word_1_113' title='bbox 787 2353 863 2418; x_wconf 91' lang='lat' dir='ltr'>boni</span> <span class='ocrx_word' id='word_1_114' title='bbox 896 2357 1096 2420; x_wconf 87' lang='lat' dir='ltr'>incremento</span> <span class='ocrx_word' id='word_1_115' title='bbox 1119 2353 1180 2433; x_wconf 79' lang='lat' dir='ltr'>lac</span> <span class='ocrx_word' id='word_1_116' title='bbox 1213 2355 1337 2419; x_wconf 90' lang='lat' dir='ltr'>honore</span> <span class='ocrx_word' id='word_1_117' title='bbox 1364 2350 1507 2416; x_wconf 88' lang='lat' dir='ltr'>nationis</span> 
     </span>
     <span class='ocr_line' id='line_1_18' title="bbox 318 2459 1506 2548; baseline 0.001 -25"><span class='ocrx_word' id='word_1_118' title='bbox 318 2461 477 2543; x_wconf 86' lang='lat' dir='ltr'>requisita</span> <span class='ocrx_word' id='word_1_119' title='bbox 511 2459 663 2525; x_wconf 88' lang='lat' dir='ltr'>derisioni</span> <span class='ocrx_word' id='word_1_120' title='bbox 687 2469 821 2544; x_wconf 90' lang='lat' dir='ltr'>propter</span> <span class='ocrx_word' id='word_1_121' title='bbox 853 2483 918 2526; x_wconf 93' lang='lat' dir='ltr'>non</span> <span class='ocrx_word' id='word_1_122' title='bbox 952 2482 1143 2528; x_wconf 85' lang='lat' dir='ltr'>coneursum</span> <span class='ocrx_word' id='word_1_123' title='bbox 1168 2462 1412 2548; x_wconf 88' lang='lat' dir='ltr'>suppositorum</span> <span class='ocrx_word' id='word_1_124' title='bbox 1452 2483 1506 2525; x_wconf 86' lang='lat' dir='ltr'>ex·</span> 
     </span>
     <span class='ocr_line' id='line_1_19' title="bbox 321 2569 1506 2653; baseline 0.002 -21"><span class='ocrx_word' id='word_1_125' title='bbox 321 2574 492 2652; x_wconf 77' lang='lat' dir='ltr'>ponantur,</span> <span class='ocrx_word' id='word_1_126' title='bbox 516 2589 663 2652; x_wconf 88' lang='lat' dir='ltr'>peneque</span> <span class='ocrx_word' id='word_1_127' title='bbox 687 2589 751 2632; x_wconf 89' lang='lat' dir='ltr'>non</span> <span class='ocrx_word' id='word_1_128' title='bbox 776 2569 889 2634; x_wconf 83' lang='lat' dir='ltr'>frivolo</span> <span class='ocrx_word' id='word_1_129' title='bbox 913 2592 952 2636; x_wconf 89' lang='lat' dir='ltr'>ao</span> <span class='ocrx_word' id='word_1_130' title='bbox 975 2569 1101 2636; x_wconf 85' lang='lat' dir='ltr'>frustra</span> <span class='ocrx_word' id='word_1_131' title='bbox 1134 2572 1335 2648; x_wconf 86' lang='lat' dir='ltr'>intimentur,</span> <span class='ocrx_word' id='word_1_132' title='bbox 1367 2569 1506 2653; x_wconf 89' lang='lat' dir='ltr'>quilibet</span> 
     </span>
     <span class='ocr_line' id='line_1_20' title="bbox 320 2678 1507 2764; baseline 0 -22"><span class='ocrx_word' id='word_1_133' title='bbox 320 2681 514 2762; x_wconf 88' lang='lat' dir='ltr'>procurator</span> <span class='ocrx_word' id='word_1_134' title='bbox 537 2698 597 2761; x_wconf 90' lang='lat' dir='ltr'>pro</span> <span class='ocrx_word' id='word_1_135' title='bbox 620 2681 767 2760; x_wconf 89' lang='lat' dir='ltr'>temporo</span> <span class='ocrx_word' id='word_1_136' title='bbox 791 2679 988 2744; x_wconf 85' lang='lat' dir='ltr'>constitutus</span> <span class='ocrx_word' id='word_1_137' title='bbox 1011 2700 1031 2742; x_wconf 93' lang='lat' dir='ltr'>a</span> <span class='ocrx_word' id='word_1_138' title='bbox 1055 2681 1232 2763; x_wconf 87' lang='lat' dir='ltr'>suppositis</span> <span class='ocrx_word' id='word_1_139' title='bbox 1264 2678 1507 2764; x_wconf 86' lang='lat' dir='ltr'>negligentibus</span> 
     </span>
     <span class='ocr_line' id='line_1_21' title="bbox 320 2781 1506 2870; baseline 0 -20"><span class='ocrx_word' id='word_1_140' title='bbox 320 2785 444 2866; x_wconf 77' lang='lat' dir='ltr'>eadem,</span> <span class='ocrx_word' id='word_1_141' title='bbox 467 2785 530 2849; x_wconf 86' lang='lat' dir='ltr'>nisi</span> <span class='ocrx_word' id='word_1_142' title='bbox 554 2785 720 2867; x_wconf 87' lang='lat' dir='ltr'>legittimis</span> <span class='ocrx_word' id='word_1_143' title='bbox 744 2807 783 2850; x_wconf 90' lang='lat' dir='ltr'>ao</span> <span class='ocrx_word' id='word_1_144' title='bbox 806 2789 892 2851; x_wconf 88' lang='lat' dir='ltr'>veris</span> <span class='ocrx_word' id='word_1_145' title='bbox 916 2781 1022 2852; x_wconf 87' lang='lat' dir='ltr'>causis</span> <span class='ocrx_word' id='word_1_146' title='bbox 1046 2810 1079 2852; x_wconf 89' lang='lat' dir='ltr'>se</span> <span class='ocrx_word' id='word_1_147' title='bbox 1112 2790 1323 2870; x_wconf 74' lang='lat' dir='ltr'>excusaverit,</span> <span class='ocrx_word' id='word_1_148' title='bbox 1355 2787 1506 2853; x_wconf 87' lang='lat' dir='ltr'>districte</span> 
     </span>
     <span class='ocr_line' id='line_1_22' title="bbox 320 2891 1226 2976; baseline 0.003 -19"><span class='ocrx_word' id='word_1_149' title='bbox 320 2913 421 2976; x_wconf 88' lang='lat' dir='ltr'>penas</span> <span class='ocrx_word' id='word_1_150' title='bbox 445 2892 596 2976; x_wconf 83' lang='lat' dir='ltr'>erigendi</span> <span class='ocrx_word' id='word_1_151' title='bbox 621 2913 660 2958; x_wconf 88' lang='lat' dir='ltr'>ac</span> <span class='ocrx_word' id='word_1_152' title='bbox 683 2891 855 2976; x_wconf 89' lang='lat' dir='ltr'>colligendi</span> <span class='ocrx_word' id='word_1_153' title='bbox 879 2891 1000 2960; x_wconf 90' lang='lat' dir='ltr'>habeat</span> <span class='ocrx_word' id='word_1_154' title='bbox 1024 2893 1226 2960; x_wconf 89' lang='lat' dir='ltr'>facultatem.</span> 
     </span>
    </p>
   </div>
   <div class='ocr_carea' id='block_1_6' title="bbox 342 3089 1484 3286">
    <p class='ocr_par' dir='ltr' id='par_1_6' title="bbox 342 3089 1484 3286">
     <span class='ocr_line' id='line_1_23' title="bbox 342 3089 1484 3177; baseline -0.001 -21"><span class='ocrx_word' id='word_1_155' title='bbox 342 3095 393 3156; x_wconf 89' lang='grc'>16.</span> <span class='ocrx_word' id='word_1_156' title='bbox 416 3089 473 3156; x_wconf 88' lang='lat' dir='ltr'>De</span> <span class='ocrx_word' id='word_1_157' title='bbox 497 3091 731 3156; x_wconf 84' lang='lat' dir='ltr'>coadiutore</span> <span class='ocrx_word' id='word_1_158' title='bbox 754 3095 1027 3176; x_wconf 88' lang='lat' dir='ltr'>procuratoris</span> <span class='ocrx_word' id='word_1_159' title='bbox 1052 3099 1090 3158; x_wconf 88' lang='lat' dir='ltr'>et</span> <span class='ocrx_word' id='word_1_160' title='bbox 1122 3094 1284 3177; x_wconf 89' lang='lat' dir='ltr'>pecunie</span> <span class='ocrx_word' id='word_1_161' title='bbox 1307 3089 1484 3158; x_wconf 84' lang='lat' dir='ltr'>nationis</span> 
     </span>
     <span class='ocr_line' id='line_1_24' title="bbox 793 3223 1024 3286; baseline 0.013 -21"><span class='ocrx_word' id='word_1_162' title='bbox 793 3223 1024 3286; x_wconf 82' lang='lat' dir='ltr'>provisione.</span> 
     </span>
    </p>
   </div>
   <div class='ocr_carea' id='block_1_7' title="bbox 316 3317 1507 4384">
    <p class='ocr_par' dir='ltr' id='par_1_7' title="bbox 316 3317 1507 4384">
     <span class='ocr_line' id='line_1_25' title="bbox 425 3317 1507 3406; baseline 0.004 -18"><span class='ocrx_word' id='word_1_163' title='bbox 425 3317 521 3388; x_wconf 74' lang='lat' dir='ltr'>Anno</span> <span class='ocrx_word' id='word_1_164' title='bbox 545 3325 678 3390; x_wconf 89' lang='lat' dir='ltr'>Domini</span> <span class='ocrx_word' id='word_1_165' title='bbox 701 3327 806 3390; x_wconf 89' lang='lat' dir='ltr'>nostri</span> <span class='ocrx_word' id='word_1_166' title='bbox 826 3327 905 3392; x_wconf 90' lang='lat' dir='ltr'>Iesu</span> <span class='ocrx_word' id='word_1_167' title='bbox 924 3325 1048 3394; x_wconf 78' lang='lat' dir='ltr'>Christi</span> <span class='ocrx_word' id='word_1_168' title='bbox 1065 3328 1117 3392; x_wconf 90' lang='lat' dir='ltr'>M⁰</span> <span class='ocrx_word' id='word_1_169' title='bbox 1142 3335 1230 3393; x_wconf 90' lang='lat' dir='ltr'>cccc⁰</span> <span class='ocrx_word' id='word_1_170' title='bbox 1269 3327 1432 3406; x_wconf 87' lang='lat' dir='ltr'>vicesimo,</span> <span class='ocrx_word' id='word_1_171' title='bbox 1449 3325 1507 3392; x_wconf 89' lang='lat' dir='ltr'>do-</span> 
     </span>
     <span class='ocr_line' id='line_1_26' title="bbox 317 3431 1506 3518; baseline 0.003 -23"><span class='ocrx_word' id='word_1_172' title='bbox 317 3431 436 3496; x_wconf 91' lang='lat' dir='ltr'>minica</span> <span class='ocrx_word' id='word_1_173' title='bbox 461 3431 717 3516; x_wconf 84' lang='lat' dir='ltr'>Septuagesime,</span> <span class='ocrx_word' id='word_1_174' title='bbox 741 3434 802 3498; x_wconf 90' lang='lat' dir='ltr'>sub</span> <span class='ocrx_word' id='word_1_175' title='bbox 826 3438 1017 3518; x_wconf 87' lang='lat' dir='ltr'>procuraoia</span> <span class='ocrx_word' id='word_1_176' title='bbox 1041 3435 1133 3518; x_wconf 87' lang='lat' dir='ltr'>Mag.</span> <span class='ocrx_word' id='word_1_177' title='bbox 1164 3433 1295 3501; x_wconf 85' lang='lat' dir='ltr'>Nicolai</span> <span class='ocrx_word' id='word_1_178' title='bbox 1319 3434 1360 3500; x_wconf 90' lang='lat' dir='ltr'>de</span> <span class='ocrx_word' id='word_1_179' title='bbox 1384 3432 1506 3499; x_wconf 87' lang='lat' dir='ltr'>Wara·</span> 
     </span>
     <span class='ocr_line' id='line_1_27' title="bbox 318 3539 1506 3626; baseline 0.003 -23"><span class='ocrx_word' id='word_1_180' title='bbox 318 3539 403 3620; x_wconf 83' lang='lat' dir='ltr'>diuo,</span> <span class='ocrx_word' id='word_1_181' title='bbox 427 3541 613 3606; x_wconf 88' lang='lat' dir='ltr'>conclusum</span> <span class='ocrx_word' id='word_1_182' title='bbox 638 3548 756 3622; x_wconf 86' lang='lat' dir='ltr'>exstat,</span> <span class='ocrx_word' id='word_1_183' title='bbox 782 3543 868 3626; x_wconf 90' lang='lat' dir='ltr'>quod</span> <span class='ocrx_word' id='word_1_184' title='bbox 893 3543 936 3608; x_wconf 90' lang='lat' dir='ltr'>ad</span> <span class='ocrx_word' id='word_1_185' title='bbox 959 3542 1102 3610; x_wconf 90' lang='lat' dir='ltr'>ladulam</span> <span class='ocrx_word' id='word_1_186' title='bbox 1126 3545 1279 3624; x_wconf 88' lang='lat' dir='ltr'>nationis,</span> <span class='ocrx_word' id='word_1_187' title='bbox 1302 3545 1335 3608; x_wconf 93' lang='lat' dir='ltr'>in</span> <span class='ocrx_word' id='word_1_188' title='bbox 1360 3563 1426 3626; x_wconf 90' lang='lat' dir='ltr'>qua</span> <span class='ocrx_word' id='word_1_189' title='bbox 1450 3541 1506 3607; x_wconf 89' lang='lat' dir='ltr'>de-</span> 
     </span>
     <span class='ocr_line' id='line_1_28' title="bbox 317 3648 1507 3731; baseline 0.004 -20"><span class='ocrx_word' id='word_1_190' title='bbox 317 3648 450 3730; x_wconf 89' lang='lat' dir='ltr'>ponitur</span> <span class='ocrx_word' id='word_1_191' title='bbox 483 3651 620 3731; x_wconf 84' lang='lat' dir='ltr'>pecunia</span> <span class='ocrx_word' id='word_1_192' title='bbox 654 3651 830 3731; x_wconf 86' lang='lat' dir='ltr'>residuata,</span> <span class='ocrx_word' id='word_1_193' title='bbox 864 3651 934 3716; x_wconf 86' lang='lat' dir='ltr'>fore</span> <span class='ocrx_word' id='word_1_194' title='bbox 968 3649 1089 3717; x_wconf 86' lang='lat' dir='ltr'>debent</span> <span class='ocrx_word' id='word_1_195' title='bbox 1122 3652 1185 3717; x_wconf 91' lang='lat' dir='ltr'>due</span> <span class='ocrx_word' id='word_1_196' title='bbox 1225 3653 1332 3718; x_wconf 88' lang='lat' dir='ltr'>claves</span> <span class='ocrx_word' id='word_1_197' title='bbox 1371 3651 1507 3731; x_wconf 83' lang='lat' dir='ltr'>diverse,</span> 
     </span>
     <span class='ocr_line' id='line_1_29' title="bbox 317 3759 1507 3845; baseline 0.003 -25"><span class='ocrx_word' id='word_1_198' title='bbox 317 3777 456 3839; x_wconf 91' lang='lat' dir='ltr'>quarum</span> <span class='ocrx_word' id='word_1_199' title='bbox 480 3779 546 3822; x_wconf 91' lang='lat' dir='ltr'>una</span> <span class='ocrx_word' id='word_1_200' title='bbox 568 3766 650 3842; x_wconf 91' lang='lat' dir='ltr'>aput</span> <span class='ocrx_word' id='word_1_201' title='bbox 674 3759 897 3842; x_wconf 90' lang='lat' dir='ltr'>procuratoris</span> <span class='ocrx_word' id='word_1_202' title='bbox 927 3761 1158 3844; x_wconf 82' lang='lat' dir='ltr'>coadiutorem,</span> <span class='ocrx_word' id='word_1_203' title='bbox 1191 3763 1247 3845; x_wconf 90' lang='lat' dir='ltr'>qui</span> <span class='ocrx_word' id='word_1_204' title='bbox 1280 3762 1345 3826; x_wconf 90' lang='lat' dir='ltr'>erit</span> <span class='ocrx_word' id='word_1_205' title='bbox 1377 3781 1507 3844; x_wconf 87' lang='lat' dir='ltr'>semper</span> 
     </span>
     <span class='ocr_line' id='line_1_30' title="bbox 316 3866 1506 3953; baseline 0.003 -25"><span class='ocrx_word' id='word_1_206' title='bbox 316 3872 510 3948; x_wconf 86' lang='lat' dir='ltr'>procurator</span> <span class='ocrx_word' id='word_1_207' title='bbox 540 3866 728 3930; x_wconf 88' lang='lat' dir='ltr'>immediate</span> <span class='ocrx_word' id='word_1_208' title='bbox 760 3867 946 3949; x_wconf 87' lang='lat' dir='ltr'>precedens,</span> <span class='ocrx_word' id='word_1_209' title='bbox 979 3873 1012 3932; x_wconf 89' lang='lat' dir='ltr'>et</span> <span class='ocrx_word' id='word_1_210' title='bbox 1046 3868 1152 3934; x_wconf 90' lang='lat' dir='ltr'>altera</span> <span class='ocrx_word' id='word_1_211' title='bbox 1185 3871 1272 3953; x_wconf 90' lang='lat' dir='ltr'>apud</span> <span class='ocrx_word' id='word_1_212' title='bbox 1300 3867 1408 3953; x_wconf 90' lang='lat' dir='ltr'>ipsum</span> <span class='ocrx_word' id='word_1_213' title='bbox 1431 3890 1506 3952; x_wconf 89' lang='lat' dir='ltr'>pro·</span> 
     </span>
     <span class='ocr_line' id='line_1_31' title="bbox 316 3975 1506 4056; baseline 0.003 -20"><span class='ocrx_word' id='word_1_214' title='bbox 316 3978 500 4038; x_wconf 89' lang='lat' dir='ltr'>curatorem</span> <span class='ocrx_word' id='word_1_215' title='bbox 523 3995 583 4056; x_wconf 92' lang='lat' dir='ltr'>pro</span> <span class='ocrx_word' id='word_1_216' title='bbox 607 3979 754 4056; x_wconf 85' lang='lat' dir='ltr'>tempore</span> <span class='ocrx_word' id='word_1_217' title='bbox 771 3975 985 4040; x_wconf 89' lang='lat' dir='ltr'>constitutum</span> <span class='ocrx_word' id='word_1_218' title='bbox 1002 3997 1169 4041; x_wconf 88' lang='lat' dir='ltr'>remanere</span> <span class='ocrx_word' id='word_1_219' title='bbox 1188 3976 1318 4056; x_wconf 72' lang='lat' dir='ltr'>debent</span> <span class='ocrx_word' id='word_1_220' title='bbox 1333 3976 1382 4040; x_wconf 88' lang='lat' dir='ltr'>ita</span> <span class='ocrx_word' id='word_1_221' title='bbox 1394 3979 1432 4039; x_wconf 92' lang='lat' dir='ltr'>ut</span> <span class='ocrx_word' id='word_1_222' title='bbox 1447 3995 1506 4039; x_wconf 88' lang='lat' dir='ltr'>ne-</span> 
     </span>
     <span class='ocr_line' id='line_1_32' title="bbox 316 4081 1507 4168; baseline 0.003 -25"><span class='ocrx_word' id='word_1_223' title='bbox 316 4101 379 4162; x_wconf 89' lang='lat' dir='ltr'>que</span> <span class='ocrx_word' id='word_1_224' title='bbox 404 4081 862 4164; x_wconf 83' lang='lat' dir='ltr'>coadiutorses010,neque</span> <span class='ocrx_word' id='word_1_225' title='bbox 895 4085 964 4166; x_wconf 90' lang='lat' dir='ltr'>ipse</span> <span class='ocrx_word' id='word_1_226' title='bbox 996 4087 1191 4168; x_wconf 88' lang='lat' dir='ltr'>procurator</span> <span class='ocrx_word' id='word_1_227' title='bbox 1223 4084 1393 4168; x_wconf 88' lang='lat' dir='ltr'>pecuniam</span> <span class='ocrx_word' id='word_1_228' title='bbox 1425 4084 1507 4148; x_wconf 87' lang='lat' dir='ltr'>resi·</span> 
     </span>
     <span class='ocr_line' id='line_1_33' title="bbox 316 4186 1506 4274; baseline 0.003 -23"><span class='ocrx_word' id='word_1_229' title='bbox 316 4186 451 4252; x_wconf 89' lang='lat' dir='ltr'>duatam</span> <span class='ocrx_word' id='word_1_230' title='bbox 484 4189 647 4270; x_wconf 90' lang='lat' dir='ltr'>attingere</span> <span class='ocrx_word' id='word_1_231' title='bbox 680 4187 817 4254; x_wconf 89' lang='lat' dir='ltr'>liberam</span> <span class='ocrx_word' id='word_1_232' title='bbox 850 4189 971 4255; x_wconf 88' lang='lat' dir='ltr'>habeat</span> <span class='ocrx_word' id='word_1_233' title='bbox 1004 4191 1203 4256; x_wconf 86' lang='lat' dir='ltr'>facultatem.</span> <span class='ocrx_word' id='word_1_234' title='bbox 1238 4189 1398 4256; x_wconf 83' lang='lat' dir='ltr'>Attamen</span> <span class='ocrx_word' id='word_1_235' title='bbox 1431 4213 1506 4274; x_wconf 89' lang='lat' dir='ltr'>pro-</span> 
     </span>
     <span class='ocr_line' id='line_1_34' title="bbox 316 4294 1505 4384; baseline 0.002 -24"><span class='ocrx_word' id='word_1_236' title='bbox 316 4297 460 4360; x_wconf 88' lang='lat' dir='ltr'>curatori</span> <span class='ocrx_word' id='word_1_237' title='bbox 485 4294 527 4359; x_wconf 87' lang='lat' dir='ltr'>ad</span> <span class='ocrx_word' id='word_1_238' title='bbox 551 4295 770 4378; x_wconf 88' lang='lat' dir='ltr'>recipiendam</span> <span class='ocrx_word' id='word_1_239' title='bbox 794 4299 965 4380; x_wconf 90' lang='lat' dir='ltr'>pecuniam</span> <span class='ocrx_word' id='word_1_240' title='bbox 999 4297 1040 4364; x_wconf 91' lang='lat' dir='ltr'>ab</span> <span class='ocrx_word' id='word_1_241' title='bbox 1065 4299 1272 4366; x_wconf 90' lang='lat' dir='ltr'>intitulandis</span> <span class='ocrx_word' id='word_1_242' title='bbox 1305 4319 1364 4384; x_wconf 85' lang='lat' dir='ltr'>per</span> <span class='ocrx_word' id='word_1_243' title='bbox 1396 4300 1505 4382; x_wconf 88' lang='lat' dir='ltr'>ipsum</span> 
     </span>
    </p>
   </div>
   <div class='ocr_carea' id='block_1_8' title="bbox 319 4433 524 4444">
    <p class='ocr_par' dir='ltr' id='par_1_8' title="bbox 319 4433 524 4444">
     <span class='ocr_line' id='line_1_35' title="bbox 319 4433 524 4444; baseline -0.01 0"><span class='ocrx_word' id='word_1_244' title='bbox 319 4433 524 4444; x_wconf 62' lang='lat'>—0——1-1-1</span> 
     </span>
    </p>
   </div>
   <div class='ocr_carea' id='block_1_9' title="bbox 315 4487 1505 4734">
    <p class='ocr_par' dir='ltr' id='par_1_9' title="bbox 315 4487 1505 4734">
     <span class='ocr_line' id='line_1_36' title="bbox 427 4487 1505 4564; baseline 0.004 -24"><span class='ocrx_word' id='word_1_245' title='bbox 427 4491 444 4550; x_wconf 85' lang='lat'>¹)</span> <span class='ocrx_word' id='word_1_246' title='bbox 464 4487 612 4558; x_wconf 78' lang='lat' dir='ltr'>Egyetemi</span> <span class='ocrx_word' id='word_1_247' title='bbox 631 4491 770 4544; x_wconf 86' lang='lat' dir='ltr'>statutum</span> <span class='ocrx_word' id='word_1_248' title='bbox 793 4497 867 4544; x_wconf 85' lang='grc'><strong>1366.</strong></span> <span class='ocrx_word' id='word_1_249' title='bbox 886 4490 982 4558; x_wconf 85' lang='lat' dir='ltr'>junius</span> <span class='ocrx_word' id='word_1_250' title='bbox 1002 4491 1117 4560; x_wconf 75' lang='lat' dir='ltr'>3=ktrol,</span> <span class='ocrx_word' id='word_1_251' title='bbox 1137 4511 1168 4547; x_wconf 87' lang='lat' dir='ltr'>az</span> <span class='ocrx_word' id='word_1_252' title='bbox 1180 4493 1358 4564; x_wconf 85' lang='lat' dir='ltr'>egyetemhez</span> <span class='ocrx_word' id='word_1_253' title='bbox 1378 4491 1505 4546; x_wconf 81' lang='lat' dir='ltr'>tartozok</span> 
     </span>
     <span class='ocr_line' id='line_1_37' title="bbox 315 4577 1237 4646; baseline 0.009 -16"><span class='ocrx_word' id='word_1_254' title='bbox 315 4577 390 4646; x_wconf 71' lang='lat' dir='ltr'>negy</span> <span class='ocrx_word' id='word_1_255' title='bbox 407 4581 545 4630; x_wconf 87' lang='lat' dir='ltr'>nemaetre</span> <span class='ocrx_word' id='word_1_256' title='bbox 564 4577 628 4630; x_wconf 81' lang='lat' dir='ltr'>velo</span> <span class='ocrx_word' id='word_1_257' title='bbox 646 4578 804 4644; x_wconf 71' lang='lat' dir='ltr'>osztastrol,</span> <span class='ocrx_word' id='word_1_258' title='bbox 823 4579 840 4632; x_wconf 91' lang='lat' dir='ltr'>l.</span> <span class='ocrx_word' id='word_1_259' title='bbox 861 4579 934 4634; x_wconf 87' lang='lat' dir='ltr'>Kink</span> <span class='ocrx_word' id='word_1_260' title='bbox 955 4581 992 4636; x_wconf 86' lang='lat' dir='ltr'>id.</span> <span class='ocrx_word' id='word_1_261' title='bbox 1012 4581 1039 4637; x_wconf 89' lang='lat' dir='ltr'>b.</span> <span class='ocrx_word' id='word_1_262' title='bbox 1058 4587 1094 4636; x_wconf 91' lang='grc' dir='ltr'>Π.</span> <span class='ocrx_word' id='word_1_263' title='bbox 1124 4591 1237 4638; x_wconf 65' lang='lat' dir='ltr'>:ta—3⁴.</span> 
     </span>
     <span class='ocr_line' id='line_1_38' title="bbox 426 4663 737 4734; baseline 0.006 -16"><span class='ocrx_word' id='word_1_264' title='bbox 426 4667 446 4726; x_wconf 79' lang='lat'>¹²)</span> <span class='ocrx_word' id='word_1_265' title='bbox 466 4665 580 4718; x_wconf 75' lang='lat' dir='ltr'>Keairat</span> <span class='ocrx_word' id='word_1_266' title='bbox 598 4663 737 4734; x_wconf 74' lang='lat' dir='ltr'>orciniam.</span> 
     </span>
    </p>
   </div>
   <div class='ocr_carea' id='block_1_10' title="bbox 0 0 1652 5328">
    <p class='ocr_par' dir='ltr' id='par_1_10' title="bbox 0 0 1652 5328">
     <span class='ocr_line' id='line_1_39' title="bbox 0 0 1652 5328; baseline 0 1"><span class='ocrx_word' id='word_1_267' title='bbox 0 0 1652 5328; x_wconf 95' lang='lat' dir='ltr'> </span> 
     </span>
    </p>
   </div>
  </div>
 </body>
</html>
