3296 5328
307 450 348 507 :nt

412 641 506 707 Dum.
539 637 662 713 Pardus
696 637 874 724 Bencirner,
908 637 1065 726 plebanus
1089 641 1121 707 in
1146 635 1375 724 Montemellis
1401 637 1490 706 dedit

308 755 323 812 l
350 751 405 814 sol.

165 879 267 928 15211
414 853 510 922 rinno
537 858 670 922 Domini
698 863 792 938 1521,
817 858 1160 938 estivalimutacione,
1194 859 1393 944 infrascripti
1418 880 1491 942 pre·

304 966 363 1034 lati
387 969 417 1031 in
444 969 586 1031 nacionis
619 965 730 1032 album
764 989 822 1050 per
854 967 944 1050 Mag.
968 965 1127 1032 Thomam
1152 967 1242 1031 Wall
1274 966 1491 1046 Oibiuianum,

305 1081 383 1139 tunc
407 1083 660 1158 procuratorem,
685 1076 844 1140 intitulati
868 1083 960 1140 sunt:

412 1181 506 1246 Dom.
524 1181 683 1247 Albertus
699 1181 742 1246 N.
757 1182 915 1266 plebanus
932 1183 972 1247 de
988 1182 1114 1265 Magna
1133 1183 1230 1266 Villa,
1247 1181 1490 1257 Transilrauua

305 1289 438 1372 capituli
463 1289 685 1355 Bistriciensis
709 1289 935 1372 benemeritus
959 1291 1050 1356 dedit
1075 1297 1093 1356 6
1114 1314 1158 1356 cr.

412 1396 506 1462 Dom.
530 1396 683 1462 Andreas
707 1395 956 1480 Stridfordiuus,
981 1399 1224 1481 Trunsilvanrm,
1241 1399 1333 1463 dedit
1357 1401 1375 1460 5
1400 1420 1443 1462 rr.

863 1849 928 1918 IV.

156 2045 202 2100 fol·
224 2049 272 2101 ³2¹¹
381 2043 568 2128 doctores,
592 2045 743 2127 nobiles,
766 2046 893 2112 meriti
917 2063 1025 2130 supra
1048 2045 1282 2126 harenatum
1311 2043 1420 2111 ceteri

319 2208 322 2213 .
372 2155 536 2223 doctores
567 2155 762 2238 theologie,
795 2151 893 2236 juris
926 2155 982 2222 vel
1011 2153 1186 2223 medicine
1211 2174 1289 2223 cum
1313 2153 1420 2219 liceu-

734 2263 840 2330 ciatis
857 2263 1059 2332 eorundem.

174 2505 274 2552 14571
413 2497 481 2566 Sub
506 2503 695 2585 procuracia
720 2503 852 2586 propria
876 2502 1064 2566 intitulatus
1088 2500 1170 2567 fuit:

413 2610 575 2693 Egregius
616 2612 739 2675 arcium
781 2609 1000 2676 Erffordensis
1040 2617 1073 2675 et
1111 2609 1267 2674 medicine
1306 2606 1490 2673 Paduensis

306 2716 426 2797 doctor,
460 2716 691 2784 Wiennensem
715 2717 757 2782 ad
780 2719 1025 2783 universitatem
1049 2724 1149 2802 atque
1173 2717 1360 2782 facultatem
1389 2713 1492 2778 medi·

307 2827 377 2890 cine
400 2831 549 2909 receptus
573 2823 759 2909 Stephanus
783 2825 823 2890 de
847 2824 1032 2906 Lecbnicia‚
1056 2825 1146 2890 dedit
1171 2829 1187 2888 l
1214 2824 1270 2890 sol.
1295 2823 1365 2888 deu.

164 2973 264 3022 lleeI
414 2963 483 3034 Sub
516 2961 738 3052 pro[cu]racia
769 2968 860 3052 Mag.
893 2969 1029 3035 Andree
1062 2970 1102 3034 de
1126 2965 1247 3034 Sancto
1271 2965 1408 3051 Georya
1433 2968 1491 3032 de-

306 3082 466 3142 cretorum
499 3076 684 3156 baccalarii,
717 3077 863 3142 canonici
897 3077 1030 3142 ecclesie
1063 3075 1261 3142 cathedralis
1293 3073 1318 3138 J
1320 3075 1491 3142 auriensis

306 3186 492 3252 intitulatus
516 3186 596 3250 fuit:

348 3279 352 3286 ¹
413 3291 619 3357 Venerabilis
651 3299 684 3356 et
717 3294 867 3374 egregius
891 3295 939 3358 vir
962 3292 1056 3358 Dour.
1080 3291 1250 3358 Johannes
1274 3289 1491 3376 spadorum,

306 3399 424 3464 artium
456 3397 638 3464 liberalium
671 3399 874 3465 baccalarius
906 3407 941 3464 et
972 3399 1129 3465 medicine
1153 3399 1316 3483 professor
1343 3400 1490 3476 eximius,

306 3507 384 3571 civis
408 3499 701 3588 Ndrenbergensis
724 3514 822 3573 natus
846 3509 879 3574 in
903 3506 1069 3590 Ohadano,
1094 3507 1185 3573 dedit
1213 3513 1228 3572 1
1254 3509 1310 3573 sol.
1333 3509 1402 3572 den.

175 3657 275 3740 14181
414 3643 484 3716 Sub
507 3653 699 3735 procuracia
724 3654 857 3737 propria
881 3653 1069 3720 intitulatus
1094 3653 1174 3719 fnit:

412 3759 575 3841 Egregius
592 3760 794 3824 decretorum
806 3759 996 3826 licenciatus
1006 3759 1152 3826 Michael
1163 3760 1312 3826 Knttner
1328 3760 1367 3824 de
1383 3760 1492 3840 Beda,

306 3864 396 3929 dedit
424 3870 439 3928 l
465 3865 522 3930 sol.
546 3866 617 3931 den.

162 4021 228 4066 mcc
249 4017 278 4066 Π
413 4002 482 4073 Sub
499 4011 690 4093 procuraeia
715 4011 806 4096 Mag.
833 4010 995 4077 Anthouii
1021 4013 1151 4096 Pogner
1165 4013 1205 4078 de
1222 4009 1350 4078 Corona
1373 4013 1491 4078 intitu-

304 4116 390 4180 latus
415 4123 481 4181 est:

306 4311 307 4314 Ἴ
411 4222 621 4289 Venerabilis
646 4231 679 4288 et
703 4228 853 4310 egregius
877 4233 979 4311 pater,
1005 4229 1128 4294 arcium
1154 4235 1186 4294 et
1211 4251 1302 4293 sacre
1325 4225 1490 4312 theologie

304 4330 467 4413 professor
482 4330 572 4414 Mag.
591 4332 806 4399 Leonhardns
823 4335 864 4399 de
881 4335 976 4400 Valle
994 4335 1190 4418 Brixinensi‚
1207 4335 1328 4400 tudinis
1347 4335 1489 4400 fratrum

305 4435 562 4520 Predicatoruin,
587 4445 619 4502 et
643 4440 734 4504 dedit
758 4444 779 4505 4
803 4463 851 4524 gr.

174 4595 273 4643 11111
415 4575 507 4644 Anno
541 4581 671 4646 Domini
697 4591 756 4648 ete.
780 4585 886 4648 111111ο
910 4585 969 4649 sub
994 4587 1185 4668 procuracia
1218 4585 1346 4670 propria
1372 4587 1489 4653 intitu-

304 4687 391 4750 latus
415 4695 481 4753 est:
