3324 5326
328 376 393 438 264

329 579 407 643 facit
432 583 450 643 3
475 578 540 661 tal,
565 582 583 641 5
609 577 674 659 sol,
702 581 740 642 10
765 577 836 642 den.
862 577 949 642 Item
967 597 1027 662 pro
1044 577 1182 660 antiqua
1206 598 1282 642 cera
1306 575 1512 642 clarificanda

327 713 387 774 pro
421 689 478 754 tal.
512 693 531 754 2
565 689 646 768 den,
678 710 818 773 quorum
849 689 984 754 fuerunt
1009 690 1061 768 15,
1084 688 1163 754 item
1187 709 1247 770 pro
1269 686 1382 752 labore
1405 687 1427 748 4
1450 686 1512 766 sol,

328 805 372 866 24
395 801 476 880 den,
494 800 574 865 item
590 795 723 863 famulis
747 800 765 860 3
792 819 838 864 cr.
862 790 998 866 Summa
1021 798 1124 864 totius
1147 802 1170 864 4
1189 799 1255 879 tal,
1273 803 1292 864 3
1309 797 1376 880 sol,
1401 802 1419 862 6
1444 796 1512 862 den.

327 909 542 976 Presentibus
565 908 685 974 ibidem
701 907 944 974 venerabilibus
961 907 1041 973 viris
1065 907 1156 991 Mag.
1181 907 1362 976 Ambrosio
1387 905 1513 972 Salcner

328 1040 367 1083 ex
391 1016 561 1102 Sopronio,
585 1017 675 1100 Mag.
700 1015 880 1082 Melchiore
897 1016 990 1080 Khel
1016 1039 1056 1083 ex
1075 1016 1256 1084 Oaschovia
1280 1024 1314 1084 et
1337 1017 1429 1101 Mag.
1451 1015 1513 1081 Fa·

135 1159 146 1172 0
214 1187 280 1234 1509
327 1129 425 1194 biano
458 1127 612 1211 Kyndler
645 1149 685 1192 ex
718 1125 828 1208 Hayn,
845 1125 903 1190 ¹ad
936 1125 1085 1210 predicta
1119 1129 1243 1192 vocatis
1277 1132 1311 1192 et
1344 1126 1513 1210 requisitis.

185 1253 250 1318 maj.
265 1219 308 1304 sb.
328 1235 453 1304 Actum
487 1240 538 1301 30.
571 1235 623 1302 die
646 1234 742 1302 'Maii
772 1233 854 1300 feria
877 1237 908 1300 4.
933 1236 966 1302 in
990 1235 1073 1301 iesto
1097 1236 1319 1318 Pentecostes,
1343 1257 1430 1302 anno
1453 1259 1513 1321 quo

329 1368 437 1431 supra.

213 1511 280 1559 1509
436 1453 522 1520 Item
556 1475 616 1536 pro
649 1452 768 1535 vigiliis
791 1473 831 1518 nc
853 1453 952 1518 missa
977 1451 1208 1520 defunctorum
1232 1457 1251 1519 3
1277 1455 1345 1534 sol,
1367 1455 1447 1520 item
1470 1453 1511 1518 s-

182 1578 243 1644 jnn.
265 1544 307 1632 ai.
328 1564 425 1629 mulis
451 1568 469 1627 7
495 1583 539 1628 cr.
572 1562 614 1628 In
647 1562 731 1628 festo
765 1562 831 1627 divi
862 1561 1011 1627 Ladislei
1033 1584 1093 1645 pro
1116 1563 1226 1628 officio
1248 1567 1271 1626 4
1294 1563 1362 1644 sol,
1385 1562 1515 1628 facienti

328 1673 516 1737 concionem
540 1673 562 1734 4
587 1669 653 1750 sol,
677 1668 808 1735 famulis
835 1671 852 1730 7
878 1689 931 1751 cr,
961 1690 1021 1754 pro
1044 1669 1172 1734 schedis
1196 1669 1375 1736 scribendis
1398 1673 1421 1734 4
1445 1667 1515 1752 001)

435 1776 580 1862 Singulis
620 1777 790 1842 calculatio
830 1797 890 1860 ego
928 1777 1019 1860 Mag.
1061 1777 1253 1844 Dominicus
1295 1776 1439 1844 Albinus
1479 1800 1515 1844 ex

327 1884 552 1970 Schweydnitz
585 1885 710 1951 tradidi
742 1887 776 1950 in
807 1907 924 1950 manns
958 1885 1153 1952 venerabilis
1176 1887 1237 1952 viri
1262 1885 1353 1970 Mag.
1376 1885 1403 1951 J
1405 1888 1515 1952 oannis

328 1993 479 2060 Chroner
504 1993 731 2060 Transsilvani
756 1997 776 2056 8
801 1991 870 2057 flor.
898 1991 1116 2076 Ungaricales
1146 2015 1184 2060 ac
1206 1999 1250 2060 60
1274 1993 1346 2058 den.
1379 1992 1515 2075 Wienn.‚

327 2102 535 2186 presentibus
559 2101 679 2167 ibidem
703 2100 944 2167 uenerabilibus
968 2103 1045 2167 viris
1071 2103 1162 2186 Mag.
1188 2100 1365 2168 Ambrosio
1390 2101 1516 2169 Salczer
1627 2146 1628 2178 ,

213 2267 291 2324 1509,
329 2210 369 2274 de
393 2207 553 2294 Sopronio
569 2215 603 2276 et
619 2208 752 2276 Mathia
769 2207 1034 2293 Lachemperger
1058 2209 1259 2290 Posonieusi,
1282 2231 1369 2276 anno
1386 2209 1515 2278 Domini
1628 2244 1629 2274 r

186 2324 389 2388 aculeato.
418 2322 513 2400 1509,
540 2321 589 2382 13.
614 2319 734 2383 mensis
758 2315 965 2384 Novembris.

852 2517 933 2578 (1509
952 2514 1001 2575 Π.)

434 2661 507 2748 Ego
532 2661 633 2746 Mag.
657 2663 682 2728 J
688 2663 834 2730 oannes
858 2663 1011 2731 Croner
1036 2664 1142 2729 fateor
1165 2665 1309 2750 presenti
1333 2687 1404 2730 meo
1428 2687 1514 2750 cyro-

327 2773 460 2858 grapho
485 2793 537 2838 me
561 2773 723 2856 recepisse
747 2773 788 2836 ad
814 2793 932 2838 manus
955 2771 1069 2838 fideles
1086 2794 1124 2838 ex
1141 2771 1317 2839 venerabili
1337 2775 1409 2839 viro
1425 2773 1509 2858 Mag.

326 2881 509 2960 Dominico,
543 2877 772 2962 predecessore
805 2901 883 2962 meo,
918 2885 937 2942 8
971 2879 1041 2944 flor.
1074 2879 1292 2964 Ungaricales
1317 2904 1355 2947 ac
1381 2887 1423 2948 60
1448 2883 1511 2948 den.

326 2989 552 3068 Wiennenses‚
584 3007 669 3051 anno
694 3007 733 3051 ac
756 2987 808 3054 die
833 2987 1000 3072 predictis,
1032 2987 1240 3072 presentibus
1272 2989 1510 3056 honorabilibus

326 3095 496 3180 magistris
520 3094 723 3178 prescriptis.

434 3200 579 3284 Singulis
613 3202 783 3268 calculabis
808 3225 869 3286 ego
893 3203 984 3288 Mag.
1018 3201 1166 3268 Joannes
1191 3197 1346 3289 Orolner]
1370 3227 1410 3272 ex
1433 3205 1509 3271 Bm-

326 3312 467 3391 schovia,
491 3315 571 3375 tunc
595 3313 754 3394 temporis
770 3311 813 3378 ad
830 3312 940 3378 divum
957 3311 1162 3396 Stephanum
1179 3313 1375 3394 octonarius,
1393 3313 1509 3380 tradidi

324 3437 360 3503 in
384 3439 499 3486 manns
522 3418 717 3483 venerabilis
742 3427 776 3484 et
799 3419 923 3504 egregii
937 3421 999 3486 viri
1016 3413 1170 3486 Doctoris
1186 3421 1358 3504 utriusque
1374 3419 1400 3485 J
1403 3421 1508 3486 oannis

326 3529 510 3612 Angherer,
527 3529 608 3589 tunc
623 3528 781 3610 temporis
797 3527 986 3594 ordinarius
1003 3523 1040 3610 (l)
1057 3527 1226 3594 facultatis
1240 3527 1391 3611 juridice,
1411 3529 1509 3601 81100,

325 3636 542 3722 Ungaricales
566 3635 599 3698 in
623 3657 715 3716 auro,
740 3636 811 3700 den.
830 3641 871 3702 93
889 3631 1027 3717 Wienn.‚
1053 3636 1261 3720 presentibus
1285 3636 1405 3702 ibidem
1422 3659 1508 3703 vene

326 3746 485 3814 rabilibus
501 3745 578 3810 viris
595 3745 760 3829 magistris
771 3767 809 3812 ac
820 3745 1019 3826 doctoribus,
1035 3745 1180 3812 Dootcre
1197 3744 1223 3810 J
1224 3745 1334 3828 enrgio
1345 3745 1385 3810 de
1396 3743 1509 3811 Sancte

326 3855 437 3934 Anna,
453 3853 542 3936 Mag.
569 3851 709 3920 Andros
725 3853 764 3918 de
782 3853 969 3936 Cremitaia,
993 3854 1083 3938 Mag.
1103 3852 1128 3918 J
1130 3851 1231 3918 acobo
1248 3852 1288 3918 de
1305 3852 1506 3934 Breschovia,

325 3965 416 4046 Mag.
440 3960 616 4027 Ambrosio
641 3958 781 4044 Salczer,
805 3985 892 4030 anno
917 3962 1060 4028 Domino
1084 3969 1145 4028 etc.
1173 3964 1267 4026 1510.

434 4214 453 4272 ¹)
473 4211 516 4262 Itt
546 4227 602 4281 egy
623 4211 692 4276 njbb
711 4211 881 4280 bejegyzdse
899 4209 1069 4264 ls6vetlrezilr
1090 4227 1107 4262 a
1126 4207 1342 4276 kielegithetlen
1360 4211 1391 4263 P.
1410 4207 1507 4262 Andro·

325 4286 403 4340 nicus
417 4282 654 4352 procuratornsk:
675 4284 758 4337 Anno
771 4281 892 4337 Domini
905 4285 983 4351 1560,
998 4282 1030 4336 in
1042 4282 1114 4351 sesto
1126 4281 1188 4336 dici
1203 4273 1340 4348 Cblmani,
1354 4278 1505 4348 0100100101

325 4373 371 4425 epo
391 4355 496 4410 Frater
522 4355 688 4410 Vincentius
707 4355 890 4410 Andronicus
911 4354 1116 4424 Trcaniensis
1135 4353 1277 4408 Dalmata
1295 4353 1407 4407 ordinis
1430 4368 1504 4420 prcc-

325 4428 468 4495 ciicatorii,
500 4443 600 4482 sacrae
628 4429 780 4498 tbcoiopiac
810 4428 903 4482 doctor
930 4431 1013 4495 atque
1041 4425 1223 4500 philosophie,
1252 4425 1284 4479 in
1298 4429 1504 4495 procuratorem

326 4500 494 4571 Hunparice
523 4501 664 4568 nacionis,
694 4505 720 4554 01
747 4501 796 4570 fai
824 4514 966 4556 successor
994 4499 1077 4554 Dora.
1105 4499 1241 4554 Doctoris
1269 4498 1357 4556 Pasti
1375 4494 1504 4562 Fabricii,

325 4573 521 4629 rnatlrcrnatici
550 4573 625 4644 repis,⁸
655 4573 828 4639 Maiestatis,
856 4572 1014 4648 professori
1043 4569 1078 4644 (l)
1106 4570 1257 4630 ordinario
1285 4587 1319 4627 ao
1346 4571 1408 4629 viro
1436 4565 1504 4624 omni

325 4664 424 4722 periere
444 4645 564 4704 virtutis
586 4645 778 4706 ornatissimo.
