3324 5326
326 399 390 464 320

324 597 480 665 futuram.
504 594 704 680 Orationem,
720 596 814 664 finito
839 619 941 680 sacro,
957 595 1075 664 habuit
1092 597 1125 664 iu
1141 594 1229 681 aede,
1252 597 1328 666 divo
1343 593 1511 684 Stephano

326 707 442 790 dicata,
467 709 625 775 excellens
659 707 755 774 Dom.
783 709 875 793 Mag.
898 708 1099 776 Valentinus
1131 705 1263 776 Oirkius
1287 707 1512 794 Glogovieneia

325 815 470 884 Silesius.
493 815 648 904 Sumptus
670 817 750 884 feci:
775 816 841 882 Pro
864 839 957 883 maza
980 817 1075 901 panis
1094 821 1110 881 1
1129 815 1160 882 fl.
1178 822 1220 882 20
1236 817 1286 882 kr.
1301 817 1370 884 Pro
1386 821 1406 881 5
1422 838 1511 882 meu·

325 927 410 992 suris
433 927 499 992 0101
522 925 645 993 Cretici
670 931 689 991 1
713 924 746 991 fl.
772 929 811 991 10
835 924 884 991 kr.
907 923 975 991 Pro
998 947 1082 1010 pane
1106 947 1147 991 ex
1162 926 1231 992 ovis
1255 925 1439 994 confectot
1462 923 1510 990 lrr.

324 1031 471 1100 Aedituo
494 1056 554 1120 pro
577 1033 790 1100 collocatione
814 1033 991 1100 cathedrae
1010 1037 1050 1100 15
1066 1033 1117 1099 kr.
1132 1032 1266 1100 Pedello
1289 1033 1511 1100 universitatis

326 1144 369 1206 24
390 1142 441 1208 lrr.
473 1143 571 1208 Fecit
605 1163 732 1208 summa
764 1145 786 1206 4
818 1141 850 1207 fl.
886 1145 927 1206 15
960 1141 1009 1208 kr.
1041 1141 1140 1208 Hauc
1171 1163 1330 1212 summam
1362 1164 1383 1206 a
1415 1141 1510 1206 Dom.

324 1247 481 1332 Sculteto,
506 1257 733 1316 sacrosanctae
748 1251 933 1336 theologiae
949 1250 1091 1331 doctore,
1114 1249 1319 1318 commodato
1334 1255 1511 1334 acceptam,

181 1367 230 1424 fol.
246 1369 313 1426 0001
328 1359 413 1442 iucly
426 1351 429 1444 1
442 1366 478 1424 10
501 1361 592 1440 natio
616 1347 721 1426 eidem*
744 1359 839 1427 Dom.
863 1359 1002 1428 Doctori
1026 1360 1133 1427 debet

430 1466 616 1552 Inscriptus
633 1475 683 1534 001
698 1468 758 1534 sub
772 1491 823 1534 me
838 1468 865 1534 J
866 1490 987 1534 oannes
1002 1465 1166 1552 Georgius
1189 1465 1371 1534 Andorlier
1395 1465 1510 1532 Como-

323 1573 477 1639 tovieusis
510 1573 684 1656 Bohemus,
716 1575 812 1641 solvit
837 1579 876 1641 12
902 1597 946 1642 00.
969 1574 1041 1640 Hos
1065 1596 1125 1658 ego
1148 1575 1176 1640 si
1191 1625 1194 1632 2
1209 1573 1362 1641 adiiciam
1393 1575 1511 1658 priori-

323 1679 385 1746 bus
404 1685 443 1746 16
462 1703 482 1746 a
497 1681 593 1747 Dom.
620 1681 765 1749 Doctore
782 1681 930 1750 Sculteto
955 1690 1163 1750 antecessore
1179 1702 1251 1746 meo
1267 1683 1419 1765 acceptis,
1436 1702 1509 1746 oon-

325 1787 440 1859 ficiunt
464 1794 504 1854 07
531 1811 576 1854 00.
599 1789 685 1858 Vide
709 1813 808 1876 supra
831 1791 885 1858 101.
912 1787 1024 1874 1311).

431 1897 565 1963 Pedello
589 1920 649 1982 pro
681 1899 766 1964 binis
789 1899 1035 1966 executiouibus
1059 1923 1079 1966 a
1101 1895 1279 1964 venerabili
1302 1893 1506 1962 Oonsistorio

324 2003 358 2068 in
381 2025 480 2070 causa
505 2005 608 2070 debiti
632 2008 796 2092 quondam
819 2005 971 2073 Doctoris
995 2009 1092 2077 Pauli
1116 2005 1263 2086 Fabritii
1286 2011 1403 2070 contra
1425 2004 1507 2068 eius-

323 2111 396 2178 dem
428 2113 575 2180 de'luucti
606 2135 740 2181 uxorem
772 2117 966 2200 impetratis,
998 2116 1136 2200 persolvi
1166 2122 1207 2184 12
1241 2118 1290 2184 kr.
1322 2119 1509 2184 Remanent

327 2225 366 2286 15
384 2244 437 2304 or,
453 2245 533 2308 quos
554 2245 614 2308 ego
631 2223 770 2289 fideliter
794 2223 973 2290 clarissimo
996 2228 1096 2308 atque
1120 2225 1391 2291 excellentissimo
1415 2223 1509 2288 Dom.

324 2328 448 2396 Joauni
472 2331 635 2414 Leandro,
659 2330 839 2396 medicinae
862 2330 998 2413 doctori,
1022 2331 1146 2397 tradidi
1169 2355 1236 2398 una
1260 2353 1333 2398 oum
1355 2332 1451 2398 libro.

431 2435 664 2504 Sereuissimus
679 2439 840 2504 archidux
856 2437 1014 2506 Austriae
1029 2440 1190 2506 Ernestus
1205 2442 1240 2505 10
1256 2440 1508 2523 gubernatorem

323 2544 488 2611 inferioris
506 2543 703 2612 Germaniae
727 2547 966 2630 provinciarum
983 2567 1003 2612 a
1019 2548 1246 2630 potentissimo
1270 2547 1508 2633 Hispaniarum

323 2675 400 2736 rege
424 2655 620 2739 constitutus
637 2660 694 2734 est,
711 2652 842 2737 Styriae
865 2675 941 2720 vero
966 2655 1190 2722 serenissimus
1214 2655 1376 2722 archidux
1400 2655 1506 2720 Maxi-

324 2760 476 2828 milianus
500 2767 550 2826 est
572 2762 765 2846 praelectus.

179 2840 240 2970 ,1,Ῑέ
242 2842 302 2960 911,
433 2869 531 2936 Circa
548 2871 598 2934 22.
614 2868 640 2934 J
643 2871 711 2935 unii
730 2874 847 2936 16000
864 2869 1048 2938 Turoarum
1064 2873 1238 2954 aquinque
1254 2869 1399 2936 millibus
1414 2868 1507 2935 (11001-

325 2981 505 3045 stianorum
537 2999 633 3044 caasa
665 2977 867 3058 dicebantur,
890 2979 939 3042 ita
963 2984 1001 3042 01
1024 2999 1065 3042 ex
1088 2977 1236 3043 omnibus
1259 2999 1326 3042 uon
1356 2979 1420 3042 nisi
1446 2981 1507 3042 300

326 3087 455 3152 'Parcae
489 3087 567 3170 fuga
599 3087 720 3152 fuerint
757 3087 886 3167 servati,
919 3086 962 3152 ad
995 3091 1140 3152 castrum
1172 3084 1284 3151 Siseolr
1308 3087 1342 3150 10
1365 3084 1508 3166 Oroatia,

327 3195 414 3260 unde
438 3201 472 3258 01
495 3194 599 3260 multa
622 3215 715 3260 arma
738 3192 855 3258 bellica
871 3199 904 3258 et
923 3198 963 3258 10
987 3198 1153 3258 tormenta
1175 3213 1295 3279 magua
1318 3193 1507 3258 ferebantur

192 3274 289 3405 jdlfflii
328 3308 450 3368 avecta.
482 3302 549 3366 Pro
572 3301 634 3366 hec
657 3308 724 3366 tam
750 3313 869 3385 magua
894 3307 927 3366 01
951 3299 1071 3366 celebri
1104 3301 1242 3366 01010010
1265 3307 1296 3366 8.
1318 3299 1345 3364 J
1346 3299 1406 3365 ulii
1439 3321 1509 3384 gra-

328 3411 446 3476 tiarum
464 3411 608 3474 actiones
624 3408 752 3493 publice
767 3408 811 3473 ad
827 3408 942 3474 aedem
958 3408 1023 3474 divi
1039 3407 1221 3492 Augustini
1236 3409 1411 3474 institutae
1427 3413 1509 3474 suut

434 3517 551 3583 Mense
584 3517 746 3600 Augusto,
780 3517 867 3582 01000
890 3517 995 3599 finem,
1029 3517 1152 3582 dictum
1175 3523 1319 3582 castrum
1343 3513 1460 3581 Siseck
1491 3537 1510 3579 a

326 3627 443 3692 Γ100010
458 3625 635 3709 repetitum
652 3630 686 3690 et
700 3625 865 3708 direptum
882 3631 933 3690 est
950 3631 983 3690 et
999 3623 1162 3708 praesidio
1187 3621 1325 3688 Turoico
1340 3625 1510 3688 munitum.

434 3731 560 3816 Quinta
575 3733 775 3819 Septembris
792 3740 935 3798 castrum
950 3733 1191 3816 Vesperimium
1202 3733 1236 3796 in
1263 3731 1413 3814 Ungaria
1432 3731 1510 3796 duo

325 3846 388 3910 bus
413 3843 455 3910 ab
483 3841 678 3926 Albaregali
701 3837 896 3908 milliaribus
912 3843 1020 3921 situm,
1044 3861 1163 3924 magno
1180 3840 1363 3906 Turoarum
1387 3841 1511 3924 impetu

325 3956 550 4036 oppugnatum
565 3955 623 4030 est,
640 3971 778 4033 cumque
794 3957 937 4034 quatuor
953 3949 1021 4016 dios
1037 3951 1101 4016 vim
1111 3949 1164 4014 vix
1175 3951 1394 4030 sustinuisset,
1410 3950 1511 4016 iuter·

324 4061 459 4124 nacione
482 4063 669 4124 nostrorum
702 4057 833 4123 funesta
857 4063 1083 4143 expugnatum
1106 4056 1247 4122 Turoioo
1274 4055 1412 4139 imperio
1437 4076 1510 4120 cou-

325 4165 748 4237 000011..Εο0010000001000
772 4167 872 4232 sensit
904 4174 1048 4232 castrum
1081 4165 1213 4232 Pallata
1235 4165 1418 4248 reliquique
1442 4162 1508 4230 affi-

211 3491 288 3549 0000,

165 3572 228 3627 aug.
239 3557 316 3624 vege.

212 3707 289 3764 0000,

181 3775 251 3842 sapt.
273 3778 297 3824 5.

326 4297 382 4341 nes
405 4275 476 4357 loci,
500 4281 538 4340 ut
561 4274 604 4340 ad
627 4274 712 4338 hano
736 4273 852 4338 horam
875 4275 977 4339 etiam
1000 4276 1134 4341 sevitiae
1156 4271 1271 4340 modus
1295 4293 1361 4336 nou
1384 4272 1437 4336 eit.

181 4397 250 4516 ἐξὲξ
262 4389 298 4516 113¹
433 4395 528 4466 010οο
545 4401 678 4465 Domini
697 4404 791 4481 1593,
808 4399 860 4464 die
876 4398 1029 4466 Octobris
1057 4405 1107 4482 13,
1123 4403 1270 4484 quaeest
1286 4399 1393 4462 000011
1417 4395 1507 4462 Colo·

233 4505 240 4519 '
296 4503 302 4516 '
326 4509 446 4592 manni,
462 4509 584 4574 0100100
599 4529 670 4574 sum
686 4507 720 4573 iu
736 4514 984 4593 procuratorem
1000 4508 1143 4592 inclytae
1160 4507 1301 4572 nationis
1325 4503 1506 4588 ngaricac

327 4625 541 4632 ——.—-

437 4672 456 4734 ¹)
474 4673 507 4723 V.
526 4673 551 4721 ὃ.
571 4665 688 4720 1110101010
709 4675 769 4721 305.
792 4668 811 4722 1.
