3296 5328
262 449 283 512 4

262 655 294 713 et
327 648 450 727 salutis,
474 646 547 711 ideo
571 668 629 732 pro
654 643 794 711 secundo
818 643 956 710 articulo
988 649 1148 710 statutum
1173 641 1351 728 estquod,
1375 663 1447 707 cunr

261 759 401 821 moritur
434 757 636 840 suppositum
669 755 754 819 dicto
788 755 934 833 nationis
968 755 1198 837 cuiuscumque
1232 755 1332 820 l'uerit
1373 777 1449 820 con-

261 865 422 944 dictionis
446 865 560 929 saltem
584 865 724 928 nationis
749 861 921 928 matricula
939 864 1140 946 inscriptum,
1164 871 1201 928 ut
1225 865 1383 948 magistro
1402 868 1448 930 sic

260 975 386 1056 scolari,
419 980 490 1039 tota
523 975 654 1040 natione
688 979 894 1056 congregata,
928 973 1081 1056 exequias
1106 975 1218 1056 peragi
1243 972 1349 1038 iacere
1374 997 1448 1038 cunr

260 1083 541 1166 solempnitatibus
585 1083 808 1148 communibus
842 1089 874 1146 et
907 1084 1068 1147 consuetis
1102 1082 1268 1147 tenebitur
1310 1084 1447 1166 quisque

259 1198 452 1274 procurator
477 1214 535 1274 pro
560 1199 707 1275 tempore
731 1192 938 1256 constitutus.

260 1416 288 1490 3.
313 1423 508 1510 Quantum
533 1427 769 1492 intitulatus
795 1427 889 1492 dare
913 1426 1028 1492 dcbct
1052 1433 1090 1490 et
1114 1427 1208 1510 qnid
1225 1427 1445 1491 iaciendum

463 1557 546 1600 curn
570 1533 702 1600 eadem
725 1535 890 1618 pecunia
914 1534 1147 1617 dispositum
1171 1541 1239 1600 est.

365 1669 417 1736 Ex
450 1693 514 1756 quo
548 1674 636 1736 natio
669 1674 704 1737 in
737 1673 885 1756 superius
919 1671 1015 1735 dictis
1047 1671 1331 1756 solempnitatibus
1356 1673 1445 1735 etin

256 1779 330 1846 aliis
354 1781 404 1844 sui
428 1787 497 1846 tnm
522 1781 746 1844 necessitatem
774 1785 844 1844 tum
868 1779 1127 1862 oportunitatem
1151 1784 1221 1844 tum
1238 1780 1444 1844 honestatem

257 1887 525 1952 concernentibus
558 1887 682 1969 indiget
714 1889 871 1972 expensio,
895 1892 932 1950 ut
956 1891 1037 1970 puta
1060 1908 1119 1970 pro
1148 1886 1291 1952 candelis
1314 1889 1347 1951 in
1372 1909 1445 1952 exe·

255 1995 340 2076 quiis
364 2002 567 2062 mortuorum
592 2017 629 2060 ac
655 2017 712 2078 pro
729 1995 991 2062 cerimonialibus
1008 2001 1041 2060 et
1057 1996 1175 2059 ceteris
1191 2017 1250 2078 pro
1267 1996 1443 2079 requisitis,

254 2101 327 2168 ideo
351 2111 509 2184 quantum
534 2105 576 2168 ad
600 2107 738 2170 tercium
762 2105 937 2170 articulum
956 2111 1116 2170 statutum
1133 2109 1183 2170 est
1200 2110 1232 2168 ct
1249 2105 1443 2184 conclusum,

254 2211 340 2292 quod
372 2210 508 2292 quilibet
541 2211 682 2292 scolaris,
717 2235 790 2276 curn
822 2213 926 2286 intrat
957 2213 1132 2294 nationem,
1167 2211 1276 2276 rolens
1300 2212 1443 2294 gaudere

253 2319 430 2402 privilegiis
464 2320 617 2400 ciusdem,
650 2320 728 2384 dare
757 2320 854 2386 debet
878 2325 1020 2404 quatuor
1046 2321 1117 2388 don.
1146 2320 1363 2386 Wienncnses
1386 2321 1443 2385 ad-

253 2429 367 2508 minus,
391 2426 595 2494 baccalarins
619 2451 719 2492 nnnm
743 2451 889 2510 grossum
914 2430 1072 2509 adminns,
1089 2430 1247 2511 magister
1267 2451 1343 2494 vero
1361 2428 1443 2494 duos

253 2555 380 2616 grossos
392 2541 426 2616 ¹).
452 2535 504 2600 Sic
529 2559 601 2600 cnm
626 2537 759 2602 scolaris
784 2543 993 2618 promovetur
1016 2539 1050 2602 in
1067 2533 1320 2618 hamalarium!
1344 2537 1443 2602 debet

253 2643 332 2708 dare
364 2666 528 2726 grossum,
562 2647 679 2710 iterum
704 2668 776 2709 cnm
802 2645 1004 2710 baccalarius
1028 2648 1061 2710 iu
1087 2646 1279 2728 magistrum
1313 2667 1442 2730 promo-

252 2751 389 2825 vebitur,
423 2752 501 2818 dare
534 2752 701 2818 tenebitur
725 2752 805 2816 dnos
830 2775 967 2836 grossos,
1001 2775 1127 2837 semper
1150 2755 1358 2836 procuratori
1382 2761 1442 2817 aut

250 2862 410 2946 receptori
435 2861 575 2926 eiusdem
605 2863 747 2928 nationis
780 2863 1021 2945 presentandos.
1055 2859 1143 2944 Quos
1175 2885 1240 2928 non
1274 2865 1307 2926 in
1340 2863 1439 2927 alium

250 2991 344 3034 usum
368 2971 429 3035 nisi
455 2971 665 3052 exequiarum
690 2970 867 3053 suppositis
891 2968 977 3033 dicte
994 2969 1144 3048 nationis,
1170 2967 1385 3034 festivitatum
1407 2976 1440 3033 et

169 3102 171 3108 ·
250 3077 520 3158 ceremonialium,
562 3085 598 3142 ut
641 3079 851 3160 premittitur,
903 3075 1171 3143 celebrandarum
1212 3076 1439 3160 deputavimus

251 3185 494 3250 convertendos·

424 3424 455 3484 4.
479 3417 642 3502 Quando
667 3419 751 3500 quis
776 3418 820 3483 de
844 3441 940 3484 novo
964 3417 1176 3484 adveniens
1203 3420 1256 3484 sit

702 3526 980 3592 intitulandus.

354 3657 431 3726 Fiat
454 3661 580 3726 rotulus
597 3683 654 3726 seu
670 3661 851 3742 matricula,
868 3662 902 3724 in
918 3683 1014 3745 quem
1031 3663 1140 3726 omnia
1156 3663 1297 3728 nationis
1316 3683 1434 3748 suppo·

206 3827 211 3834 .
246 3772 310 3835 sita
334 3770 583 3836 conscribantur
607 3775 639 3834 ct
664 3791 734 3834 curn
753 3791 849 3854 quam
866 3772 1008 3854 primum
1025 3771 1250 3854 quodcumque
1268 3793 1287 3836 a
1307 3778 1433 3836 rectore

246 3879 468 3944 universitatis
492 3899 512 3942 a
535 3899 617 3940 novo
641 3878 838 3958 intitulatur,
863 3883 895 3941 et
919 3899 938 3942 a
962 3884 1174 3962 procuratore
1194 3879 1335 3944 nationis
1355 3879 1433 3942 inti·

246 3985 369 4052 tuletur
393 3985 515 4067 absquo
540 4005 689 4068 proroga,
714 3992 837 4068 pagata
861 3991 971 4050 tamen
995 3991 1073 4050 taxa
1097 3987 1161 4050 iam
1184 3989 1354 4071 supperius
1378 3987 1433 4051 de-

245 4094 378 4176 scripta.

355 4345 372 4404 ¹)
400 4341 522 4396 Ke'sdbbi
551 4341 693 4408 dijemelds
721 4342 939 4397 kavetkeztcten
970 4360 1022 4413 cgy
1051 4347 1217 4412 procurator
1240 4361 1255 4396 a
1277 4347 1428 4412 ›quotuor‹

243 4435 287 4484 szd
315 4430 376 4484 fote·
398 4451 414 4486 a
440 4435 501 4486 S-as
519 4435 632 4496 satmot,
654 4449 757 4485 >irinum
775 4448 921 4502 grossum«
944 4433 1000 4488 fore
1024 4433 1054 4484 16
1073 4433 1141 4502 dein,
1161 4451 1177 4486 a
1198 4433 1283 4486 »duos
1301 4449 1428 4502 procace«

243 4522 298 4574 mle
311 4523 348 4575 32
360 4521 420 4575 den.
434 4521 631 4590 kifejezeseket
642 4523 697 4576 irta
716 4541 728 4575 s
748 4541 764 4576 a
777 4525 914 4592 lapsze'len
925 4527 1101 4594 megjegyze':
1117 4523 1242 4578 »Nobilis
1255 4527 1291 4577 60
1303 4523 1380 4578 cleos
1399 4557 1424 4564 ψ

243 4618 302 4680 Egy
331 4616 389 4664 mas
417 4613 465 4666 ke'z
493 4613 579 4683 pedig
607 4631 637 4666 az
669 4613 803 4666 itud-ben
830 4613 948 4667 berillott
977 4614 1132 4666 raltozrisra
1150 4633 1164 4666 e
1184 4613 1331 4667 szarnlrkal
1351 4613 1427 4666 utal:

243 4702 386 4772 Quiritium
408 4702 439 4754 dc
459 4719 526 4755 noco
544 4701 651 4756 decreto
669 4703 732 4770 quis
751 4703 819 4756 darc
839 4707 975 4767 terrentia,
996 4703 1057 4756 cide
1076 4704 1158 4772 infra
1178 4703 1226 4772 fol.
1249 4703 1310 4757 109.
