3324 5326
317 391 382 452 336

316 585 410 652 finito
432 606 510 652 suae
542 585 781 668 procurationis
805 585 959 672 tempore,
993 589 1170 669 antequam
1203 583 1324 652 libruin
1357 583 1501 651 nationis

317 694 497 760 successori
522 716 580 760 suo
604 695 718 760 tradat
742 694 793 760 vel
816 695 956 780 ipsemet
978 694 1137 761 inscribat
1160 695 1211 761 vel
1234 695 1373 761 inscribi
1397 701 1502 775 curet,

316 824 357 866 ne
391 802 525 867 chartae
550 804 716 868 actionum
749 803 792 868 ad
826 809 876 869 tot
909 825 1011 870 annos
1042 804 1189 887 posthac,
1223 804 1307 869 sicut
1343 804 1501 869 hactenus

314 911 510 992 factumest,
528 912 741 995 cumulentur,
759 917 860 996 atque
876 912 950 978 aliis
965 913 1133 994 negotium
1151 912 1317 978 facessant
1332 912 1383 978 vel
1401 913 1503 977 etiam

200 1075 275 1124 1307.
315 1022 521 1090 amittantur.

170 1145 228 1212 apr.
250 1111 292 1198 ah.
331 1220 333 1224 ι
424 1130 598 1202 Dominica
630 1127 945 1214 Quasimodogeuiti,
977 1151 1061 1215 quae
1084 1137 1159 1198 erat
1184 1135 1236 1196 22.
1265 1129 1334 1196 dies
1366 1127 1506 1214 Aprilis,

315 1238 402 1304 circa
435 1238 552 1312 horam
586 1239 791 1305 undecimam
816 1239 1121 1319 antemeridianam,
1154 1243 1286 1324 patrum
1327 1235 1504 1302 Societatis

315 1346 400 1414 Jesu
424 1347 596 1431 collegium
619 1347 806 1416 Viennense
823 1370 888 1416 una
905 1371 977 1414 cum
1001 1353 1086 1422 tecto
1105 1348 1240 1412 etturri
1264 1345 1378 1430 templi
1402 1350 1516 1429 atque·

314 1454 522 1538 bibliotheca,
554 1456 665 1520 multis
697 1455 789 1522 libris
812 1455 1073 1537 instructissima,
1105 1455 1247 1520 maximo
1280 1453 1430 1518 incendio
1465 1473 1508 1516 ex

314 1565 497 1651 improvisa,
528 1565 638 1631 nescio
671 1566 842 1650 quomodo,
875 1567 909 1632 in
934 1566 1165 1646 convictorum,
1200 1569 1237 1632 ut
1266 1563 1398 1643 dicitur,
1430 1583 1508 1626 con-

316 1673 478 1740 tuberniis
513 1674 634 1761 templo
675 1676 833 1759 proximis
867 1681 1006 1755 exorta·
1025 1695 1108 1760 pene
1142 1678 1249 1738 toturn
1280 1670 1511 1756 conflagravit.

316 1780 437 1850 Nullas
461 1788 572 1850 tamen
596 1784 719 1850 vicinas
743 1784 840 1850 aedes
865 1784 1050 1850 incendium
1074 1783 1159 1850 illud
1182 1782 1353 1866 corripuit.

61 1941 64 1948 ,
179 1881 306 1936 f0l·14ssl
431 1895 459 1958 8.
476 1891 529 1956 die
545 1891 570 1956 J
572 1892 639 1956 unii
657 1912 773 1956 nomen
786 1913 881 1956 suum
896 1892 1022 1958 nationi
1038 1891 1252 1974 Hungaricae
1268 1889 1360 1954 dedit
1375 1888 1510 1954 Zacha-

181 1963 287 2093 jslgfflg',
322 1999 387 2066 rias
411 1999 570 2082 Kanopki
594 1999 778 2066 Laubensis
803 1997 946 2083 Silesius,
970 2000 1091 2074 artium
1115 2020 1155 2064 ac
1176 1997 1402 2082 philosophiae
1436 2001 1509 2060 stu-

320 2107 439 2188 diosus,
464 2107 561 2172 solvit
585 2113 603 2172 6
629 2131 674 2172 cr.

430 2215 556 2282 ru-die
590 2214 733 2280 eiusdem
758 2205 877 2280 mensis
907 2215 1195 2281 reverendissimus
1223 2221 1256 2281 et
1279 2215 1510 2282 serenissimus

319 2322 478 2406 Princeps
501 2344 540 2388 ac
564 2321 712 2386 dominus
736 2319 831 2386 Dom.
860 2321 1056 2404 Leopoldus,
1081 2322 1250 2406 episcopus
1273 2321 1510 2400 Passaviensis,

173 2425 233 2488 jun.
256 2431 295 2475 14·
319 2428 479 2497 archidux
502 2425 662 2496 Austriae
685 2432 753 2509 etc,
786 2425 949 2493 Viennam
982 2415 1071 2492 venit
1095 2433 1129 2492 et
1152 2427 1308 2514 postridie
1331 2449 1398 2492 una
1429 2449 1508 2492 cum

173 2531 232 2595 jun.
255 2521 522 2602 sescentesimo
546 2535 720 2602 archiduce
745 2536 901 2616 Matthia,
924 2535 1071 2620 patruele
1095 2557 1162 2616 suo,
1178 2537 1235 2620 qui
1264 2541 1314 2601 12.
1330 2535 1383 2602 die
1407 2533 1507 2598 Junii

319 2645 431 2726 Praga
448 2642 609 2710 Viennam
628 2643 783 2726 redierat,
800 2643 949 2728 publicae
963 2643 1159 2730 processioni
1175 2641 1372 2708 venerahilis
1388 2639 1510 2706 Sacra-

319 2752 421 2818 menti
445 2750 605 2816 interfuit.

204 2197 281 2254 reor,

175 2262 235 2326 jun.
258 2268 299 2312 13.

173 2875 234 2939 jun.
255 2880 296 2925 2⁷·
430 2887 483 2950 27.
506 2883 560 2946 die
582 2881 678 2947 Junii
711 2881 830 2947 festum
855 2881 921 2946 divi
954 2881 1111 2962 Ladislai,
1134 2881 1222 2962 regis
1254 2879 1449 2963 Hungariae
1474 2881 1512 2940 et

318 2993 460 3056 nationis
489 2991 631 3056 eiusdem
656 2992 795 3074 patroni,
818 2993 851 3055 in
876 2991 957 3056 aede
981 2991 1054 3056 divo
1079 2991 1244 3074 Stephano
1270 2989 1519 3073 protomartyri

319 3121 422 3179 sacra,
441 3099 647 3164 solemnitate
672 3105 827 3164 consueta
851 3099 914 3164 fuit
928 3099 1137 3168 celebratum.
1162 3097 1355 3166 Orationem
1377 3099 1410 3162 in
1432 3098 1510 3162 lau-

320 3207 395 3283 dem
418 3207 497 3272 dicti
513 3208 644 3290 patroni
658 3207 774 3273 hahuit
789 3207 874 3274 filius
890 3231 981 3274 meus
1006 3209 1131 3277 Paulus
1148 3209 1360 3288 Prudentius,
1382 3205 1510 3270 artium

320 3336 359 3380 ac
391 3314 616 3398 philosophiae
640 3315 882 3382 baccalaureus.
923 3315 1113 3400 Sequuntur
1146 3318 1179 3380 in
1210 3316 1268 3382 illo
1301 3316 1384 3380 festo
1408 3335 1426 3378 a
1454 3335 1511 3378 me

321 3423 488 3506 exposita:
512 3420 650 3488 Oantori
666 3423 708 3488 ad
725 3423 834 3488 divum
852 3421 1054 3508 Stephanum
1071 3423 1145 3488 dedi
1163 3423 1194 3488 Η.
1214 3429 1245 3504 1,
1261 3421 1318 3488 sol.
1335 3427 1363 3502 2,
1380 3421 1456 3486 den.
1475 3425 1513 3502 03

320 3530 507 3611 organistae
530 3528 562 3593 Η.
588 3533 615 3610 1,
630 3529 677 3594 sol
695 3536 723 3610 2,
741 3530 813 3596 den.
830 3534 862 3610 03
887 3550 946 3612 pro
971 3531 1077 3596 trihus
1101 3531 1259 3595 mensuris
1292 3531 1357 3594 vini
1381 3527 1513 3594 Cretici

320 3641 351 3706 Η.
377 3647 414 3721 2;
438 3663 496 3724 pro
520 3639 677 3705 saccharo
702 3641 792 3705 vario
816 3645 963 3706 aromate
987 3640 1117 3704 condito
1142 3639 1174 3706 Η.
1190 3644 1220 3719 0,
1243 3639 1300 3704 sol.
1326 3643 1354 3722 7,
1371 3639 1443 3703 deu.
1471 3645 1514 3718 03

320 3770 379 3831 pro
403 3748 605 3814 melitomate
628 3749 678 3812 vel
695 3769 778 3830 pane
795 3747 954 3814 dulciario
970 3748 1001 3814 fl.
1018 3753 1047 3830 0,
1065 3748 1121 3814 sol.
1141 3753 1167 3828 l,
1184 3747 1255 3812 deu.
1275 3751 1328 3826 183
1344 3767 1403 3829 pro
1418 3767 1513 3829 pane

320 3856 388 3920 ovis
412 3855 542 3920 condito
574 3853 605 3919 fl.
633 3861 661 3936 O,
686 3855 789 3937 soll,
812 3854 884 3920 den.
913 3861 971 3938 103
1003 3856 1227 3922 universitatis
1259 3854 1385 3938 pedello
1408 3851 1441 3917 fl.
1480 3858 1514 3932 0,

320 3959 380 4027 sol.
404 3965 432 4042 3,
449 3961 522 4028 den.
540 3966 576 4043 63
593 3983 651 4044 pro
668 3961 830 4028 locatione
857 3963 1033 4030 cathedrae
1050 3964 1081 4029 Η.
1107 3969 1136 4046 0,
1154 3961 1210 4028 sol.
1228 3967 1256 4042 2,
1274 3961 1346 4026 den.
1364 3965 1392 4024 0.
1408 3959 1514 4024 Facit

321 4091 447 4134 summa
470 4071 691 4155 expositorum
718 4077 736 4136 6
761 4071 801 4152 fl,
827 4077 845 4136 3
871 4071 937 4154 sol,
960 4076 982 4137 4
1006 4073 1079 4138 den.

341 4225 342 4230 ¹
391 4201 394 4208 '
427 4197 484 4264 Ad
517 4197 729 4263 exolvendum
748 4199 826 4264 ¹has
851 4221 1009 4284 expensas
1043 4201 1172 4282 accepi:
1208 4199 1265 4264 Ab
1300 4205 1514 4264 antecessore

320 4327 400 4387 mec,
424 4311 585 4389 utsupra
609 4306 733 4370 dictum
758 4311 815 4388 est,
841 4311 860 4371 9
885 4329 938 4388 cr,
962 4329 981 4372 a
1005 4306 1175 4400 Zacharia·
1194 4307 1353 4390 Kanoplri
1375 4327 1435 4391 pro
1461 4308 1514 4370 iu·

321 4395 496 4496 scriptione
521 4435 581 4479 sua
605 4420 623 4479 6
649 4436 703 4493 cr,
727 4415 806 4478 item
823 4437 843 4479 a
859 4415 960 4480 nobili
979 4421 1012 4482 et
1030 4417 1211 4482 clarissimo
1236 4414 1335 4482 Dom.
1358 4413 1514 4480 Martino

321 4520 468 4604 Kotigio,
493 4522 674 4586 medicinae
699 4521 840 4605 doctore,
858 4523 902 4588 ad
918 4523 1039 4590 festum
1064 4524 1128 4589 divi
1151 4523 1301 4590 Ladislai
1319 4528 1336 4588 l
1354 4523 1385 4588 fl.
1408 4522 1515 4590 Facit

321 4651 447 4694 summa
471 4636 679 4715 acceptorum
706 4635 720 4694 l
747 4629 788 4712 fl,
813 4638 831 4698 2
857 4633 914 4700 sol.
938 4633 1012 4703 den.
1204 4631 1210 4640 '
