3324 5326
334 391 399 454 ‘298

441 577 674 659 Serenissimus
697 593 857 659 archidux
880 587 1019 657 Carolus
1043 587 1189 671 Styriam
1211 609 1271 654 suo
1294 589 1441 654 exercitu
1464 593 1514 653 tu·

334 705 477 786 tabatur,
502 725 639 788 cumque
663 703 786 768 viribus
812 701 928 766 Turcis
952 700 1048 784 longe
1072 703 1157 766 esset
1179 701 1295 784 impar,
1319 721 1384 766 non
1408 701 1513 784 potuit

333 817 504 902 Zigettum
527 825 560 884 et
584 817 735 883 comitem
759 815 911 882 liberare.

440 927 663 993 Romanorum
697 919 884 1009 Imperator
908 920 1083 1007 Augustus
1107 923 1354 989 Maximilianns
1378 921 1427 987 ΙΙ.
1450 943 1511 986 una

333 1057 406 1102 cum
439 1036 643 1102 serenissimo
677 1035 823 1118 principe
856 1031 1077 1116 Ferdinando,
1110 1034 1283 1100 archiduce
1307 1032 1456 1116 Austrip,
1480 1041 1510 1098 et

332 1144 435 1211 fratre
459 1165 517 1210 suo
540 1145 725 1226 maximum,
748 1143 1047 1208 numerosissimum
1064 1147 1097 1208 et
1113 1143 1409 1208 sumtuosissimum
1425 1144 1510 1226 equi-

332 1260 402 1318 tum
427 1275 466 1318 ac
489 1253 637 1336 peditum
661 1255 840 1318 exercitum
864 1251 1043 1318 Jaurinum
1067 1275 1172 1335 usque
1196 1253 1290 1318 duxit
1314 1259 1356 1335 et,
1381 1274 1509 1336 presen-

331 1361 420 1426 tibus
444 1361 489 1427 ibi
513 1361 664 1446 pluribus
687 1363 816 1448 imperii
840 1361 981 1427 Romani
997 1368 1030 1426 et
1046 1361 1146 1445 Italic
1169 1362 1371 1446 principibus
1388 1367 1421 1426 et
1440 1383 1509 1445 pro·

332 1469 467 1551 ceribus,
485 1469 601 1536 Turcis
624 1473 879 1538 internecionem
903 1471 1099 1555 Hungariae
1123 1471 1186 1536 illis
1210 1473 1275 1536 oris
1299 1492 1338 1536 ao
1355 1470 1509 1536 Austriae

331 1577 562 1645 minitantibus
585 1581 785 1664 direptiones
809 1581 1079 1664 excursionesque
1102 1581 1277 1664 intercepit
1300 1601 1338 1644 ac
1361 1579 1509 1644 interclu-

332 1686 392 1766 sit;
425 1687 562 1770 ipsemet
586 1689 693 1754 tribus
725 1689 891 1755 mensibus
922 1690 957 1753 in
985 1690 1129 1753 exercitu
1162 1689 1342 1774 permansit
1366 1688 1510 1752 tandem-

331 1814 403 1875 que,
436 1794 591 1878 hybornis
614 1797 774 1862 ordinatis
808 1803 841 1862 et
873 1797 1025 1880 presidiis
1049 1795 1226 1878 collocatis,
1250 1795 1415 1864 Viennam
1439 1819 1509 1860 cum

330 1899 518 1967 bombardis
535 1911 568 1969 et
584 1905 670 1970 omni
694 1905 772 1970 belli
796 1912 959 1990 apparatu
982 1906 1110 1988 integro
1134 1905 1241 1986 rediit,
1257 1928 1331 1970 cum
1354 1906 1401 1970 ibi
1421 1905 1510 1970 Hun-

331 2011 456 2090 gariam
482 2017 515 2076 et
538 2010 712 2078 Austriam
737 2020 852 2079 contra
874 2015 1132 2080 hostessalvam
1156 2014 1360 2080 obtinuisset.

440 2117 627 2187 Generosos
651 2121 821 2203 Dominus,
845 2123 983 2188 militiae
1016 2124 1121 2204 gloria
1144 2123 1342 2188 clarissimus
1365 2121 1510 2187 Lazarus

331 2225 554 2294 aSclrwenda
570 2231 612 2294 ad
629 2229 709 2294 fines
726 2229 963 2316 Transylvanic
988 2233 1087 2296 etiam
1111 2231 1215 2297 multa
1238 2233 1389 2317 preclare
1413 2232 1511 2316 gessit

330 2340 363 2400 et
387 2336 536 2403 confecit.
569 2339 681 2404 Etiam
710 2361 729 2404 a
759 2339 953 2422 quibusdam
987 2339 1150 2404 seditiosis
1183 2339 1313 2404 nomine
1345 2340 1511 2422 religionis

330 2443 423 2510 bellis
446 2448 570 2512 semina
593 2449 682 2514 iacta
705 2451 953 2534 occasionesque
977 2447 1075 2515 datae
1100 2454 1185 2514 sunt.

187 2561 234 2616 fol.
252 2561 317 2618 mab
438 2555 596 2624 Rationes
619 2559 664 2623 sic
687 2558 818 2624 habent.
843 2557 1006 2622 Ladulam
1041 2557 1117 2642 (quq
1142 2557 1183 2624 ob
1208 2557 1251 2638 id,
1274 2555 1363 2640 quod
1388 2555 1511 2637 aliquot

329 2666 391 2731 mei
415 2687 615 2732 successores
638 2689 703 2732 nou
727 2690 747 2731 a
769 2689 820 2732 me
843 2668 1028 2750 acciperent
1052 2668 1205 2748 rationes,
1237 2665 1413 2750 presertim
1437 2684 1511 2728 vero

330 2773 455 2838 Doctor
487 2772 627 2858 Cornan,
659 2776 712 2858 pie
735 2777 918 2857 memoriae,
951 2775 1090 2858 qui-me
1119 2775 1246 2856 integro
1280 2773 1431 2838 semestri
1456 2792 1512 2836 suo

329 2881 510 2962 substituit,
526 2881 615 2965 apud
639 2903 691 2947 me
714 2884 872 2948 remansit
890 2877 1072 2967 hucusque)
1090 2881 1212 2947 tradidi
1228 2881 1360 2946 domino
1385 2901 1511 2946 succes-

329 2989 394 3053 sori
427 3010 498 3054 meo
527 3011 669 3056 unacum
703 2990 859 3073 pecuniis,
883 3011 965 3073 quas
989 3011 1089 3074 supra
1112 3009 1164 3054 me
1187 2989 1350 3073 accepisse
1373 2993 1511 3053 testatus

329 3119 409 3178 sum,
432 3101 465 3161 et
487 3097 569 3178 aliis,
593 3117 656 3180 que
680 3099 806 3162 interea
828 3097 870 3162 ab
894 3097 1063 3180 inscriptis
1087 3101 1164 3162 sunt
1188 3097 1274 3178 date.

426 3205 621 3270 'Monachus
644 3205 778 3288 quidam
794 3202 988 3271 Vincentius
1012 3203 1231 3285 Andronicus,
1256 3204 1312 3286 qui
1336 3224 1409 3268 cum
1433 3201 1511 3267 alio-

328 3335 400 3378 rum
424 3313 583 3378 bonorum
599 3320 669 3378 tum
688 3334 762 3378 mea
785 3313 988 3398 potissimum
1009 3333 1108 3396 opera
1125 3317 1158 3376 ct
1174 3311 1407 3376 intercessione
1425 3311 1511 3393 apud

327 3422 567 3488 serenissimum
590 3419 768 3486 Bobomioc
791 3441 901 3500 regem
924 3419 1189 3486 Maximilianum
1213 3417 1262 3484 Π.
1278 3437 1296 3484 e
1312 3439 1453 3499 carcere,
1477 3419 1511 3483 in

328 3551 423 3614 quem
448 3529 489 3594 ob
514 3528 721 3611 simplicioris
745 3534 778 3593 et
802 3528 989 3594 sincerioris
1020 3526 1187 3610 religionis
1216 3523 1453 3592 confessionem
1477 3548 1511 3592 sc

326 3637 493 3704 simulavit
526 3639 716 3718 coniectum,
749 3633 821 3718 (sed
852 3641 988 3722 propter
1020 3635 1148 3719 flagitia
1179 3655 1219 3701 ac
1254 3634 1511 3700 inobedientiam

327 3767 406 3830 erga
430 3768 504 3813 suos
528 3746 712 3830 superiores
735 3751 850 3828 postea
874 3744 1088 3828 comperimus
1122 3738 1261 3826 factum)
1294 3743 1510 3825 liberabatur,

326 3854 430 3920 multa
452 3856 567 3938 inepta
590 3853 665 3919 binc
689 3853 764 3918 inde
781 3855 815 3918 in
831 3853 892 3917 hoc
915 3851 1000 3918 libro
1024 3853 1163 3937 scripsit,
1181 3873 1244 3935 quq
1260 3849 1348 3917 illius
1364 3853 1511 3935 ineptiae

326 3970 359 4028 et
382 3964 588 4046 ignorantiae
610 3983 720 4027 rerum
744 3963 889 4026 nationis
911 3965 1023 4042 nostre
1047 3959 1223 4025 tribuenda
1247 3965 1333 4025 sunt.

433 4069 575 4154 Accepit
607 4068 702 4136 Dom.
726 4071 994 4152 viceprocurator
1017 4091 1110 4134 meus
1133 4107 1176 4116 -
1201 4067 1274 4134 uide
1307 4067 1511 4150 supratelio

326 4183 369 4243 88
383 4175 408 4261 ¹)
432 4217 475 4227 -
499 4183 542 4244 40
567 4200 611 4244 cr.
646 4178 736 4244 Ante
760 4179 896 4244 dederat
923 4179 1120 4244 clarissimus
1152 4178 1248 4243 Dom.
1272 4175 1399 4242 Doctor
1423 4169 1514 4242 Sttff

325 4309 397 4352 cum
420 4286 532 4353 ladula
556 4291 575 4352 8
599 4287 669 4352 flor.
684 4287 861 4368 Recenses,
887 4291 927 4352 39
953 4309 1006 4368 cr,
1031 4291 1050 4352 2
1075 4286 1156 4368 den,
1181 4287 1259 4352 item
1283 4305 1385 4352 unum
1409 4282 1511 4349 Salis-

324 4393 519 4478 burgensem
543 4395 706 4478 ducatum,
725 4399 743 4460 3
761 4395 930 4460 Renenses
953 4394 986 4458 in
1011 4415 1101 4460 auro.
1124 4392 1177 4457 De
1200 4393 1263 4458 hac
1285 4413 1413 4458 summe
1432 4392 1510 4458 dedi

324 4502 419 4568 Dom.
444 4503 623 4568 successori
647 4523 727 4584 mec,
752 4501 932 4567 clarissimo
956 4502 1025 4566 uiro
1058 4500 1154 4566 Dom.
1179 4499 1353 4566 Melchiori
1386 4501 1510 4582 Eugei-

325 4618 478 4627 ...-..—.--
492 4617 538 4624 -ιη

434 4663 452 4724 ¹)
474 4663 504 4714 Ιι.
520 4657 590 4714 font.
605 4667 664 4714 209.
677 4659 695 4711 l.
709 4662 789 4722 (1566
809 4661 841 4724 1).
855 4657 1088 4728 Vioeprocurator
1106 4663 1154 4712 Dr.
1168 4657 1316 4713 ladislaus
1335 4658 1510 4714 Stueffvolt.
