3324 5326
1269 430 1333 490 335

146 622 207 692 bili
233 631 266 692 et
289 626 468 696 clarissimo
485 625 565 708 vir0,
589 623 684 690 Dom.
709 622 866 691 Andreae
890 621 1084 704 Prudentia,
1109 621 1334 706 philosophiae

147 734 286 816 doctori,
302 757 416 802 sacrae
432 733 615 802 Caesareae
630 733 821 801 Maiestatis
836 735 871 799 iu
887 732 1115 818 spiritualibus
1138 733 1334 814 consiliario,

147 843 287 912 tradidi.

578 933 808 1019 Oasparus
831 930 1088 1016 Quorokius
1110 930 1291 998 Doctor.

259 1087 355 1160 Anno
371 1094 505 1162 Domini
525 1100 619 1177 1607,
638 1099 688 1162 19.
704 1093 756 1161 die
771 1091 908 1178 Aprilis,
924 1113 985 1176 ego
1000 1091 1109 1176 Mag.
1125 1088 1337 1158 Andreas
1356 1107 1405 1164 fol.
1421 1115 1487 1162 rsoa

147 1199 412 1286 Prudentius,
437 1203 623 1288 germanice
647 1203 837 1286 cognomine
860 1207 999 1287 paterno
1024 1200 1183 1287 Weysa
1216 1200 1335 1283 dictus,
1357 1257 1416 1324 apr.
1437 1219 1479 1308 ’19.

148 1306 547 1380 Schdnenbrunausis
571 1307 920 1394 Silssius1),sacrae
943 1309 1127 1378 Caesareas
1149 1309 1336 1378 Maiestatis

148 1421 185 1486 iu
206 1419 306 1488 rebus
338 1422 567 1488 ecclesiasticis
590 1443 650 1506 per
682 1419 859 1488 Austriam
881 1423 916 1486 in
940 1419 1091 1500 consiliis,
1115 1421 1150 1484 11
1181 1440 1337 1504 procura-

148 1535 257 1593 torem
289 1527 432 1612 iuolytae
465 1529 610 1594 nationis
643 1529 858 1612 Hungarieae
887 1527 1024 1609 clectus,
1047 1525 1161 1593 eodem
1194 1526 1246 1592 dia
1269 1551 1336 1595 una

148 1658 224 1702 oum
247 1635 451 1721 reliquarum
474 1638 646 1704 nationum
664 1637 803 1703 dominis
826 1633 1097 1722 procuratoribus
1112 1634 1146 1698 11
1162 1635 1336 1700 Rectorem

147 1744 360 1828 magnificum
385 1745 492 1812 almae
515 1745 611 1812 huius
635 1745 859 1812 universitatis
883 1765 923 1810 ex
947 1742 1083 1828 collegio
1114 1741 1336 1828 philosophico

148 1851 234 1936 elegi
265 1854 417 1934 nobilem,
450 1855 669 1920 clarissimum
702 1858 736 1920 et
760 1853 1069 1920 excellentissimum
1101 1853 1208 1917 virum
1240 1850 1337 1916 Dom.
1448 1937 1452 1946 ὁ

147 1957 242 2041 Mag.
264 1959 435 2028 Andream
458 1961 607 2043 Lechler,
631 1961 747 2045 organi
770 1957 963 2028 Aristotelis
988 1962 1023 2025 in
1039 1959 1154 2025 eadam
1177 1957 1335 2024 universi·

148 2071 220 2130 tate
243 2067 461 2150 professorem
485 2069 688 2136 ordinarium
711 2074 746 2135 et
768 2067 899 2136 scholae
922 2068 1132 2152 provincialis
1156 2065 1337 2133 Caesareae

149 2179 375 2259 prorectorem
399 2182 460 2242 etc.

259 2284 388 2350 Electio
410 2284 564 2352 Rectoris
580 2291 614 2352 et
628 2307 786 2362 novorum
809 2292 1063 2371 procuratorum
1079 2283 1151 2350 ideo
1167 2283 1230 2350 hoo
1252 2303 1337 2370 auno

148 2389 187 2456 in
213 2395 264 2458 19.
288 2393 375 2458 diem
392 2391 520 2478 Aprilis
544 2396 668 2462 reiecta
683 2395 755 2476 fuit,
772 2397 859 2479 quod
883 2395 1003 2462 fastum
1020 2395 1167 2460 divorum
1192 2391 1336 2458 Tiburtii

149 2504 186 2566 61
208 2498 381 2567 Valeriani
403 2503 437 2568 in
462 2501 660 2593 sabbathum
693 2525 847 2588 maguum
872 2511 949 2570 aute
981 2505 1101 2569 festum
1125 2502 1267 2586 paschae
1290 2503 1337 2568 in·

150 2607 242 2690 cidit,
266 2611 301 2674 in
325 2631 390 2694 quo
414 2609 532 2676 electio
555 2611 723 2678 commode
747 2612 820 2677 fieri
842 2633 908 2678 non
931 2613 1049 2698 potuit.

261 2715 317 2783 Ab
341 2723 546 2785 antecessore
569 2741 650 2802 meo,
681 2719 858 2788 admodum
882 2721 1068 2802 reverendo,
1092 2720 1193 2787 nobili
1216 2725 1250 2786 61
1273 2717 1338 2785 616-

149 2824 282 2890 sissimo
305 2826 375 2892 viro
409 2825 505 2894 Dom.
538 2823 686 2912 Casparo
720 2825 893 2910 Quorclrio,
927 2827 1150 2914 philosophiae
1174 2834 1338 2894 6166616-

151 2938 289 2999 sanctae
313 2933 497 3019 theologiae
514 2935 657 3016 doctore,
674 2936 816 3021 episcopi
840 2935 1065 3003 Passarieusis
1081 2958 1140 3020 per
1162 2933 1337 3002 Austriam

148 3041 240 3107 infra
264 3040 412 3110 Onasnm
428 3043 561 3109 officiali
578 3049 611 3109 et
627 3045 661 3109 in
677 3044 903 3128 spiritualibus
927 3045 1050 3110 vicario
1066 3043 1220 3127 generali,
1243 3063 1338 3128 prae-

149 3155 205 3216 ter
229 3155 248 3216 9
273 3173 318 3218 cr.
341 3152 428 3218 hunc
451 3151 572 3218 librum
595 3153 741 3218 nationis
765 3156 799 3216 et
822 3151 983 3236 quaedam
1006 3157 1255 3236 procuratorum
1279 3151 1338 3217 ali-

150 3267 235 3344 quot
258 3259 353 3328 huius
374 3262 520 3328 nationis
543 3267 619 3328 acta
642 3263 677 3327 in
701 3262 825 3328 chartis
849 3260 1149 3346 conscripta,.uihil
1173 3259 1294 3346 accepi.

259 3371 386 3438 Eadem
409 3378 493 3455 acta,
517 3391 601 3456 quae
625 3370 667 3437 ab
696 3391 782 3436 anno
809 3375 904 3437 1574.
928 3371 973 3435 61
994 3371 1081 3435 hauc
1103 3389 1209 3453 usqua
1231 3391 1338 3435 meam

149 3480 418 3562 procurationem
434 3481 469 3545 11
484 3479 606 3546 librum
628 3479 772 3546 nationis
788 3479 895 3545 relata
910 3500 978 3544 161
993 3479 1136 3562 1161111,
1152 3482 1191 3544 11
1214 3482 1246 3544 61
1269 3501 1339 3544 suo·

151 3605 300 3652 66666166
315 3609 405 3653 meos
421 3587 534 3654 labore
546 3593 579 3653 61
590 3587 738 3654 dominos
762 3586 926 3656 Doctores
937 3591 971 3651 61
983 3587 1162 3671 magistros
1172 3587 1270 3653 huius
1280 3608 1339 3652 na·

149 3693 251 3759 tionis
276 3695 435 3778 expensis,
459 3716 543 3778 quas
565 3715 626 3779 pro
649 3694 863 3761 inscribendis
886 3693 952 3760 illis
980 3696 1065 3760 66116
1089 3694 1240 3762 fortassis
1264 3716 1339 3761 oon-

149 3802 300 3868 tribuere
324 3802 521 3886 debuissent,
553 3803 708 3886 levarem,
731 3825 804 3870 mea
827 3825 927 3870 manu
951 3805 1135 3891 conscripsi,
1166 3810 1206 3870 ut
1228 3804 1338 3870 videre

150 3914 204 3975 est
227 3930 329 3994 supra
353 3931 374 3975 a
397 3911 475 3978 folio
502 3915 575 3978 135.
597 3933 700 3995 usque
724 3911 768 3976 ad
790 3911 905 3978 folium
932 3915 994 3978 145
1007 3909 1044 3996 Ι).
1077 3911 1199 3979 Omnes
1227 3918 1339 3978 autem

149 4017 186 4081 in
209 4015 272 4083 hoo
294 4021 524 4102 procuratorio
557 4032 693 4086 munere
726 4040 929 4086 successores
961 4042 1059 4102 meos,
1083 4026 1121 4086 ut
1144 4025 1178 4086 et
1201 4021 1282 4104 ipsis
1305 4025 1339 4084 et

148 4123 296 4209 inclytae
319 4129 446 4194 nationi
471 4127 621 4212 satisfiat,
645 4134 779 4214 rogatos
795 4127 900 4209 velim,
916 4133 953 4194 ut
971 4127 1110 4212 quilibet
1133 4150 1245 4194 eorum
1263 4136 1339 4195 acta

149 4253 223 4316 sua,
247 4235 524 4318 quemadmodum
547 4239 687 4304 maiores
709 4241 840 4304 nostros
863 4237 979 4303 fecisse
1002 4235 1055 4302 bic
1077 4241 1222 4303 testatur
1244 4236 1338 4319 liber,

263 4411 501 4484 11111616611611
531 4413 667 4484 ›Qanado
695 4430 797 4468 nomen
816 4430 909 4468 meum
933 4413 1063 4483 11166666
1082 4411 1113 4467 in
1133 4411 1237 4468 librum
1265 4411 1339 4468 hunc

148 4501 281 4558 1661161116
299 4503 407 4573 referri
435 4503 604 4572 curaverim,
624 4503 686 4558 uide
713 4519 802 4573 supra
820 4504 870 4574 sol.
898 4503 943 4572 88,
972 4503 1082 4572 quaudo
1110 4503 1230 4558 recaredo
1259 4503 1338 4558 130.‹

150 4595 195 4660 [11.
214 4593 333 4648 1611611)
354 4603 414 4649 269.
434 4593 452 4649 l.
471 4597 500 4648 16
520 4601 580 4648 302.
599 4595 619 4648 l.
637 4597 666 4648 es
684 4599 933 4666 procuratorsigtt
952 4603 1013 4650 308.
1031 4595 1063 4660 1.]

261 4689 282 4750 Ι)
302 4682 436 4755 Meg‘ielel
455 4701 472 4738 a
489 4685 528 4738 mi
548 4685 808 4754 lenyomatuulrban
827 4693 1008 4742 a308-334.
1027 4685 1177 4755 lapoknak.
