3324 5326
358 440 422 502 262

463 636 537 701 Hec
561 633 695 700 inferius
718 638 836 699 notata
859 632 1008 715 exposita
1031 633 1066 697 in
1089 631 1234 697 fructum
1251 636 1284 695 et
1301 629 1470 695 comodum
1487 649 1546 692 na·

354 747 456 812 cionis
468 745 642 828 Hungarie
653 749 830 824 cesserunt,
846 741 1154 826 procuranteMag.
1169 737 1282 806 Oirillo
1299 739 1441 806 Pintha:
1456 742 1545 808 Item

355 855 530 922 Fratribus
563 855 830 922 Predicatoribus
854 879 914 942 pro
938 858 1101 941 exsequiis
1125 857 1159 922 in
1182 856 1389 940 refrigerium
1412 854 1547 920 defunc-

241 1035 308 1081 1507
357 969 503 1030 torum3
533 965 588 1030 sol.
613 965 686 1030 den.
710 964 796 1030 item
822 971 964 1048 quatuor
987 965 1122 1049 pedellis
1147 971 1165 1030 7
1191 967 1336 1032 ornain
1359 965 1548 1048 peractione

212 1101 272 1166 jon.
294 1107 336 1152 27,
357 1075 596 1140 defunctorum.
620 1075 708 1140 Item
731 1075 764 1140 in
790 1073 874 1140 festo
898 1073 966 1140 divi
989 1075 1076 1158 regis
1100 1073 1257 1155 Ladislai‚
1281 1073 1413 1157 patroni
1435 1073 1548 1139 nacio-

354 1185 405 1250 nis
429 1189 550 1264 nostre,
574 1205 633 1268 pro
657 1182 766 1249 officio
789 1188 823 1248 et
845 1185 987 1268 vesperis
1010 1187 1034 1250 4
1057 1183 1114 1250 sol.
1138 1184 1210 1250 den.
1233 1183 1321 1271 Item
1347 1183 1459 1250 eadem
1492 1182 1549 1248 die

354 1295 498 1382 pedellis,
525 1301 563 1360 ut
585 1295 685 1360 moris
708 1298 765 1371 est,
792 1296 809 1358 7
835 1313 879 1359 or.
903 1293 995 1376 dedi3
1019 1295 1098 1359 item
1115 1316 1175 1379 pro
1192 1293 1297 1360 scedis
1312 1293 1548 1359 mandatorum

355 1406 484 1471 notario
508 1407 530 1468 4
553 1425 598 1469 or.

463 1512 672 1582 Venerabilis
689 1513 739 1577 vir
760 1512 850 1597 Mag.
867 1511 1034 1580 Steffanus
1050 1511 1293 1581 Olomuczensis
1309 1515 1343 1580 in
1359 1515 1549 1600 patrocinio

357 1625 423 1690 divi
447 1625 534 1707 regis
558 1622 707 1689 Ladislai
732 1623 920 1690 concionem
944 1625 988 1690 ad
1011 1623 1134 1690 clerum
1161 1619 1411 1706 (cousuetudine
1434 1625 1549 1690 hacte-

92 1741 98 1748 '
228 1805 231 1811 ,
356 1756 417 1800 nus
441 1727 631 1816 observata)
655 1732 743 1812 feeit,
767 1733 824 1816 qui
848 1733 1031 1798 mercedem
1053 1732 1177 1798 laboris
1201 1737 1314 1799 sancto
1335 1733 1406 1816 regi
1430 1737 1464 1798 et
1486 1753 1548 1798 na-

357 1841 441 1907 oioni
464 1841 645 1908 liberaliter
669 1841 798 1908 obtulit.

463 1951 537 2034 Ego
560 1949 651 2034 Meg.
675 1948 807 2016 Oirillus
824 1949 949 2018 Pintba
973 1975 989 2016 u
1013 1951 1241 2018 Erczissowioc
1258 1951 1299 2018 de
1315 1953 1454 2036 singulis
1470 1975 1549 2038 per·

357 2061 462 2145 ceptis
483 2065 519 2126 et
542 2060 698 2144 expositis
722 2059 928 2127 villicationis
954 2083 1024 2127 mee
1049 2062 1215 2127 racionem
1248 2062 1379 2129 exhibui
1412 2083 1549 2128 venera-

356 2167 415 2234 bili
446 2167 514 2233 viro
547 2169 637 2250 Mag.
660 2165 873 2254 Oristophoro
897 2167 1050 2250 Abortio,
1074 2172 1253 2236 successori
1275 2193 1357 2252 meo,
1381 2179 1414 2238 et
1438 2172 1549 2238 eidem

357 2278 549 2344 thesaurum
573 2277 685 2342 inclite
708 2277 853 2344 nacionis
882 2278 1030 2362 Ungarie
1061 2281 1095 2344 in
1128 2294 1230 2364 parva
1261 2280 1383 2362 ladnla,
1416 2281 1549 2346 duabus

357 2387 438 2452 seris
470 2387 605 2466 mnnita,
638 2385 770 2467 tradidi,
801 2385 871 2451 flor.
905 2387 1031 2454 scilicet
1059 2387 1278 2472 Ungaricales
1301 2390 1335 2454 iu
1359 2410 1439 2454 auro
1465 2391 1486 2452 8
1511 2395 1549 2454 et

357 2515 458 2558 unum
481 2493 663 2560 Renensem
689 2493 768 2576 flor,
795 2497 816 2560 4
843 2495 908 2578 sol,
935 2501 977 2561 22
1003 2496 1074 2562 den.
1091 2501 1124 2562 et
1140 2503 1207 2564 tres
1222 2496 1325 2564 libros
1343 2519 1416 2564 oum
1432 2496 1549 2564 ladnla

357 2625 484 2686 magna,
507 2604 715 2688 presentibus
738 2603 859 2670 ibidem
883 2604 1123 2671 venerabilibus
1147 2611 1179 2670 et
1204 2607 1343 2690 egregiis
1376 2605 1463 2686 viris,
1486 2607 1550 2671 sci·

356 2711 434 2778 licet
457 2711 546 2796 Mag.
570 2711 699 2778 Jodooo
723 2714 764 2780 de
788 2713 889 2796 Egra,
913 2713 1003 2798 Mag.
1019 2712 1147 2780 Jacobo
1164 2713 1204 2780 de
1220 2711 1359 2797 Corona,
1375 2713 1467 2798 Mag.
1484 2713 1512 2781 J
1512 2736 1548 2780 o·

356 2820 465 2886 hanne
480 2819 667 2886 Parisoiano
684 2826 716 2886 et
732 2821 823 2906 Mag.
839 2821 988 2890 Martino
1003 2820 1044 2886 de
1061 2819 1190 2889 Oibinio
1207 2823 1250 2888 ad
1273 2823 1334 2889 hoo
1356 2821 1547 2908 specialiter

122 3015 125 3023 .
223 2901 339 3020 013⁰}ss
357 2930 470 3012 petitis
494 2933 527 2994 et
549 2929 727 3013 requisitis,
750 2949 836 2994 anno
863 2933 958 2996 1507.
981 2928 1106 2996 Actum
1131 2936 1182 2996 26.
1206 2931 1257 2997 die
1281 2929 1443 2998 Octobris.

874 3074 954 3137 (icor
974 3073 1023 3136 Π.)

208 3181 344 3236 fot111²
466 3160 538 3246 Ego
562 3163 662 3248 Mag.
686 3161 1001 3249 Christophorus
1033 3163 1231 3234 Abortins
1263 3188 1309 3232 ex
1338 3160 1550 3232 Wolfrdm·

357 3271 451 3336 mica
484 3273 629 3355 presenti
661 3271 888 3356 chyrographo
920 3295 992 3339 meo
1026 3273 1133 3340 fateor
1155 3295 1206 3340 me
1230 3274 1392 3359 recepisse
1415 3276 1478 3342 hec
1499 3278 1551 3341 in·

359 3379 501 3445 mediate
526 3381 759 3464 suprascripta,
783 3381 989 3464 presentibus
1011 3381 1251 3450 venerabilibus
1275 3385 1355 3450 viris
1378 3389 1412 3450 at
1444 3385 1550 3467 magi-

359 3487 438 3552 stris
461 3489 693 3571 supranotatis,
718 3511 803 3554 anno
827 3511 865 3556 ao
889 3489 941 3556 die
965 3490 1131 3575 predictis.

467 3594 608 3678 Insuper
640 3617 701 3678 ego
733 3595 820 3662 idem
852 3597 942 3681 Mag.
976 3596 1239 3683 Christophorus,
1267 3605 1437 3684 utsupra,
1462 3621 1551 3666 anno

362 3705 458 3782 1508,
482 3702 565 3768 feria
590 3701 633 3769 53·
661 3703 840 3770 ebdomade
863 3704 998 3786 Pascha,
1023 3706 1063 3770 de
1085 3707 1222 3790 singulis
1245 3707 1410 3792 perceptis
1433 3711 1470 3772 et
1493 3729 1552 3772 ex·

359 3810 474 3894 positis
508 3811 672 3876 racionem
706 3809 782 3875 dedi
814 3811 994 3877 venarabili
1026 3813 1096 3878 viro
1126 3811 1216 3898 Mag.
1247 3813 1397 3880 Martino
1424 3813 1553 3880 Pilladi

360 3915 585 3998 Transilvauo,
609 3919 787 3982 successori
810 3939 891 4000 meo,
924 3925 958 3984 et
990 3919 1095 3985 eidem
1128 3921 1319 3987 thesaurum
1351 3921 1462 3987 inclite
1490 3943 1554 3987 ns·

360 4025 457 4089 tionis
489 4023 637 4106 Ungarie
667 4026 700 4090 in
725 4045 826 4108 parva
849 4023 971 4107 ladula,
995 4025 1123 4092 duabus
1147 4027 1227 4093 seris
1251 4029 1387 4111 mnnita,
1411 4027 1552 4109 tradidi,

360 4131 484 4196 scilicet
508 4136 527 4196 8
551 4131 621 4197 flor.
645 4131 861 4215 Ungaricales
884 4135 917 4200 in
950 4157 1029 4200 auro
1062 4141 1096 4201 et
1128 4157 1229 4201 unum
1261 4137 1331 4202 flor.
1352 4123 1554 4205 ¹Recensem

363 4262 435 4305 cum
469 4245 509 4306 27
540 4239 597 4304 sol.
621 4241 728 4306 minus
751 4244 773 4306 4
797 4262 890 4326 oruc,
915 4248 949 4308 et
971 4249 1039 4309 tres
1062 4243 1163 4309 libros
1186 4267 1259 4310 oum
1283 4245 1396 4312 ladula
1418 4267 1555 4329 magna,

361 4346 569 4432 presentibus
585 4347 706 4414 ibidem
731 4349 971 4418 venerabilibus
995 4372 1033 4417 ao
1056 4355 1218 4438 eggregiis
1242 4355 1321 4419 viris
1343 4352 1436 4418 Dom.
1461 4353 1556 4420 Doe-

362 4461 435 4522 tore
459 4453 602 4538 Georgio
627 4455 667 4520 de
691 4453 815 4522 Sancta
838 4457 950 4543 Anna,
974 4459 1065 4544 Mag.
1089 4459 1115 4526 J
1116 4460 1217 4528 accho
1241 4461 1283 4527 de
1302 4459 1437 4542 Oorons,
1457 4461 1556 4547 Mag.

362 4559 484 4646 Oyrillo
517 4561 640 4628 Pintha
675 4587 691 4628 u
724 4563 952 4632 Erczissowicz
986 4567 1171 4655 specialiter
1203 4567 1246 4638 ad
1278 4568 1340 4634 hoc
1370 4567 1484 4656 petitis
1521 4575 1558 4637 et

361 4671 537 4756 requisitis.

245 3677 322 3735 reos,

219 3745 277 3812 ripr.
298 3748 341 3796 27.
