3324 5326
1282 389 1346 452 299

163 585 279 668 hard0,
298 586 382 670 juris
406 587 579 671 utriusque
603 586 739 669 doctori,
768 591 784 652 1
811 585 1103 671 Salisburgensem,
1129 589 1147 651 3
1173 587 1348 668 Renensea

162 698 197 762 in
222 719 312 780 auro,
337 698 406 764 flor.
430 721 530 764 unum
554 699 588 763 in
612 701 751 778 moneta,
770 702 787 763 7
808 697 888 778 dor,
915 701 954 762 12
980 719 1023 762 cr.
1047 696 1213 762 Dederam
1238 703 1346 763 autem

162 814 241 873 ante
266 808 447 874 clarissimo
471 806 566 872 Dum.
583 806 722 872 Ductori
745 805 901 872 Ladislao
925 803 1014 871 suff
1034 827 1074 870 ex
1097 805 1209 870 ladula
1232 806 1301 872 flor.
1321 813 1347 888 1,
1428 809 1429 814 ’

162 938 208 981 cr.
234 911 331 999 tili„
355 916 410 998 qui
443 915 520 982 hinc
544 915 697 982 subducti
729 921 806 980 sunt
829 937 896 982 una
919 937 994 980 cum
1020 899 1060 980 10
1085 936 1128 979 cr.
1153 935 1212 1000 pro
1235 915 1347 984 ladula

162 1024 351 1092 reficienda.

685 1133 766 1194 (1111
786 1132 834 1194 11.)

271 1257 345 1343 Ego
369 1261 563 1326 Melchior
587 1261 816 1343 Engelhart,
846 1261 930 1344 juris
953 1261 1124 1342 utriusque
1149 1260 1271 1342 doctor,
1295 1282 1347 1326 ac-

159 1371 232 1454 cepi
257 1391 277 1434 a
301 1370 481 1436 clarissimo
496 1372 566 1436 viro
590 1371 685 1435 Dom.
702 1369 808 1435 Paulo
826 1368 986 1450 Fabritio,
1009 1367 1188 1433 medicinae
1205 1368 1348 1446 doctore,

159 1478 284 1544 librum
306 1480 459 1561 nationis,
483 1479 629 1544 ladulam
646 1501 719 1544 cum
742 1477 827 1542 libro
851 1479 987 1560 antiquo
1005 1484 1039 1542 11
1054 1478 1225 1560 pecuniam
1248 1499 1348 1561 supra

161 1587 328 1671 scriptam,
351 1609 468 1672 nempe
492 1587 649 1653 ducatum
672 1607 774 1652 unum
798 1583 1095 1668 Saltzbnrgensem,
1121 1591 1140 1650 3
1165 1585 1234 1650 flor.
1259 1585 1347 1651 Rhe-

159 1715 279 1760 nenses
301 1696 336 1760 in
359 1717 448 1775 auro,
475 1699 492 1758 7
518 1693 588 1760 flor.
612 1694 803 1759 Rhenenses
827 1693 860 1757 in
884 1697 1016 1757 moneta
1041 1698 1074 1756 11
1100 1696 1141 1757 12
1167 1714 1211 1757 cr.

270 1803 345 1886 Ego
369 1802 531 1868 Melchior
554 1803 750 1884 Engelhart,
780 1803 866 1886 juris
890 1801 1063 1884 utriusque
1087 1801 1210 1880 doctor,
1233 1823 1346 1885 supra-

159 1913 318 1996 scriptam
351 1934 518 1992 summam‚
542 1933 640 1994 quam
665 1933 685 1978 a
708 1911 957 1998 praedecessore
983 1931 1055 1975 meo
1080 1909 1199 1994 accepi,
1223 1911 1346 1976 tradidi

160 2021 342 2088 clarissimo
367 2021 436 2085 viro
460 2022 640 2086 successori
664 2043 735 2086 meo
764 2020 860 2084 Dom.
883 2019 1044 2100 Fabricio,
1068 2018 1247 2084 medicinae
1272 2019 1346 2084 doc·

158 2131 236 2210 tori,
259 2150 326 2194 una
350 2151 423 2193 cum
449 2133 467 2194 6
493 2151 545 2209 cr,
570 2149 651 2211 quos
676 2149 695 2192 a
720 2127 872 2191 studiosis
895 2127 929 2190 in
953 2126 1064 2190 album
1087 2132 1217 2190 nostrae
1241 2126 1346 2191 natio-

157 2238 210 2302 nis
233 2238 402 2321 inscriptis
427 2237 546 2320 accepi.
571 2234 671 2300 Anno
698 2237 792 2316 1567,
816 2235 849 2300 in
874 2233 1020 2298 Tiburtii
1044 2233 1237 2299 mutacione.
1394 2223 1470 2280 ¹⁵⁸⁷=

1373 2289 1431 2356 sipr.
1447 2295 1488 2342 14.

591 2459 595 2468 ·
690 2433 770 2494 (1567
790 2431 825 2492 1.)

269 2557 342 2645 ligo
377 2559 546 2627 Paulus
579 2560 831 2640 Fabricius,
864 2558 1046 2624 Caesareus
1082 2559 1342 2639 mathematicus,

156 2669 338 2734 medicinae
363 2667 486 2751 doctor,
520 2691 688 2735 successor
720 2669 801 2734 haec
834 2689 886 2732 me
918 2668 1081 2750 accepisse
1115 2671 1219 2732 testor
1242 2691 1342 2733 manu

155 2780 302 2862 propria,
319 2799 392 2842 cum
414 2778 448 2841 in
472 2777 554 2844 festo
571 2775 714 2843 Tiburtii
738 2782 934 2862 procurator
949 2776 1095 2842 nacionis
1118 2776 1241 2842 eiectus
1264 2776 1341 2842 suis·
1369 2765 1484 2897 alffi

156 2905 234 2965 sem,
257 2905 343 2950 anno
368 2891 419 2951 67.

678 3011 827 3074 (151111.)
882 2989 885 2995 ’

266 3133 362 3204 Anno
401 3139 629 3222 MDLXVII,
663 3141 715 3206 die
755 3143 805 3207 13.
838 3137 1000 3222 Octobris,
1040 3162 1099 3224 ego
1138 3139 1339 3206 Joannos
1359 3153 1408 3207 fol.
1424 3163 1488 3210 1111

155 3245 365 3330 Neuman,
389 3249 567 3315 medicinae
590 3250 713 3331 doctor,
737 3250 882 3332 eligebar
905 3251 938 3314 in
962 3255 1211 3332 procuratorem
1234 3248 1339 3312 natio·
1368 3235 1482 3354 olidssiis

154 3356 206 3420 nis
239 3355 434 3438 Ungaricae.
470 3353 594 3441 Accepi
628 3379 648 3422 a
679 3356 930 3440 praedecessore
962 3379 1032 3422 meo
1065 3355 1162 3422 Dum.
1194 3355 1339 3420 Doctore

154 3461 263 3528 Paulo
286 3461 440 3528 Fabritio
463 3463 584 3528 librum
608 3464 696 3528 hunc
719 3470 752 3529 et
776 3465 857 3530 nihil
880 3470 1061 3550 practerea.

264 3570 307 3634 In
330 3568 392 3635 hoo
415 3591 486 3636 meo
510 3570 619 3636 officio
643 3592 759 3636 nomen
783 3593 877 3637 suum
903 3571 996 3638 dedit
1019 3571 1114 3636 Dum.
1138 3569 1338 3636 Laurentius

153 3679 390 3762 Zimmerman,
424 3679 546 3746 artium
581 3685 615 3746 et
652 3679 878 3765 philosophiae
917 3682 1073 3764 magister
1085 3675 1122 3764 ¹),
1155 3677 1339 3744 numeravit

157 3793 196 3854 12
221 3787 271 3854 111.

261 3896 334 3962 Hos
360 3900 401 3962 12
426 3919 656 3963 ecunacum
680 3897 766 3964 libro
788 3898 913 3964 tradidi
937 3899 1114 3964 successori
1138 3917 1209 3962 meo
1242 3895 1337 3960 Dom.

151 4003 291 4080 Ductori
315 4005 490 4072 Melchiori
513 4005 707 4090 Idngelhart.
732 4006 874 4090 Reliqua
890 4007 932 4072 ad
948 4006 1112 4072 nationem
1136 4004 1338 4089 pertinentia

150 4117 245 4196 petat
268 4135 290 4178 a
313 4111 409 4178 Dom.
431 4113 538 4179 Paulo
561 4112 722 4179 Fabritio.

263 4291 283 4352 ¹)
302 4293 328 4342 A
346 4289 484 4377 lapsaelcn
503 4289 619 4344 kesubbi
637 4291 687 4344 kez
706 4289 915 4344 hozzatoldfisa:
930 4290 958 4345 J.
979 4287 1008 4344 V.
1021 4289 1060 4344 D.
1073 4322 1108 4330 —
1127 4295 1215 4342 Inuen
1233 4289 1337 4342 kezdve

149 4398 167 4433 1
185 4379 420 4448 procuratoroka
437 4382 692 4451 procuratorsaguk
705 4381 777 4434 11111
796 4399 833 4443 11,
846 4399 928 4452 egyes
947 4379 1125 4435 nemuetekbo
1143 4380 1242 4448 belepd
1261 4379 1337 4432 scho-

150 4470 288 4526 larisokat
307 4487 374 4524 11111
393 4488 410 4525 1
427 4471 528 4540 helyen
547 4471 648 4526 kezdik
667 4472 759 4526 beirni
779 4491 796 4526 a
814 4473 930 4542 helyett,
959 4473 1035 4543 hogy
1053 4489 1083 4526 az
1102 4471 1255 4541 credetileg
1277 4487 1336 4524 erre
1359 4459 1363 4466 Α

149 4561 231 4614 uzant
258 4560 413 4614 roratokba
441 4561 523 4614 1111111
551 4561 603 4628 be;
632 4577 661 4615 ez
680 4561 703 4614 is
723 4578 777 4633 egy
793 4562 850 4628 jele
870 4580 885 4616 1
909 4561 1113 4632 hanyatldsnak
1133 4562 1160 4616 es
1189 4559 1335 4628 aavarnak,

148 4649 227 4722 mely
246 4666 277 4703 11
295 4651 423 4726 egystem
441 4650 625 4708 ncmzeteinel
644 4649 779 4708 11111111.
