3334 5322
1276 413 1338 478 alv

265 601 353 666 Item
386 602 487 669 habui
517 603 557 669 da
586 604 729 670 candelis
761 612 904 690 quatuor
937 609 1116 688 maioribus
1144 617 1159 676 l
1185 613 1242 678 sol.
1267 613 1341 680 den.

264 713 338 798 Ego
361 714 451 799 Mag.
474 712 598 780 Petrus
621 714 661 780 de
687 713 853 800 Appoldia
876 717 1041 800 Inferiori,
1066 719 1188 788 clectus
1211 723 1246 788 in
1269 745 1342 808 pro·

151 835 346 894 curatorem
365 830 511 896 nacionis
527 829 702 914 Hungarie
722 851 808 896 anno
824 829 958 896 Domini
976 835 1071 924 1457,
1087 832 1122 898 in
1138 831 1221 898 festo
1237 833 1343 899 sancti
1370 816 1475 936 03⁵ss

151 936 351 1005 Oolomanni
370 939 524 1019 martiris,
548 939 747 1023 resignando
771 939 857 1006 bona
873 941 1019 1008 nacionis
1035 941 1181 1007 eiusdem
1204 941 1342 1010 honora·
1421 921 1427 935 ·
1461 919 1484 936 Ν

150 1049 215 1116 bili
239 1050 309 1114 viro
333 1047 422 1131 Mag.
438 1047 594 1114 Michaeli
617 1047 657 1114 de
680 1048 820 1128 Feketh,
843 1049 1051 1134 procuratori
1075 1049 1177 1115 electo
1201 1051 1236 1116 in
1260 1050 1322 1116 lest
1391 1033 1468 1092 ¹⁴⁵⁸*

151 1157 306 1248 Tiburcii
330 1164 364 1223 et
378 1155 550 1224 Valeriani
572 1159 754 1239 martirum,
772 1157 847 1223 dedi
871 1157 975 1224 eidem
1000 1163 1019 1222 9
1043 1157 1112 1224 flor.
1133 1158 1343 1244 Hungarica-

150 1267 212 1348 les,
233 1271 252 1330 6
277 1266 334 1331 sol.
350 1271 382 1331 et
407 1269 447 1330 25
474 1265 547 1332 den.
563 1265 704 1347 Wienn,
727 1263 872 1332 ladulam
897 1288 970 1332 cum
993 1273 1134 1352 utraque
1159 1261 1356 1350 matricula,

151 1375 340 1459 hystoriam
363 1376 468 1440 sancti
491 1374 638 1440 Ladislai
661 1376 748 1459 regis
773 1397 847 1442 cum
879 1397 988 1460 panno
1013 1376 1151 1443 lunerali
1176 1383 1247 1459 etc,
1270 1399 1342 1462 pre·

152 1483 306 1549 sentibus
329 1483 450 1550 ibidem
473 1483 715 1550 venerabilibus
740 1485 817 1550 viris
841 1483 931 1568 Mag.
950 1483 1042 1552 Luca
1067 1484 1107 1550 de
1123 1482 1215 1551 Alba
1238 1485 1342 1570 regali

153 1597 192 1658 61
215 1591 308 1677 Mag.
331 1592 486 1659 Johanne
510 1592 642 1658 Molner
665 1591 704 1658 de
727 1591 865 1660 Oibinio.

688 1738 822 1800 ssssflm

267 1845 339 1931 Ego
362 1847 452 1930 Mag.
475 1848 650 1914 Michael
674 1848 719 1914 de
742 1847 908 1930 Feketb,
932 1849 1055 1914 electus
1078 1856 1269 1932 procurator
1286 1872 1343 1915 na·

153 1959 258 2023 cionis
272 1959 315 2046 in
338 1957 422 2023 16616
448 1957 596 2023 Tiburcii
621 1963 653 2022 et
670 1956 855 2023 Valleriani
879 1960 1052 2024 martirum
1078 1979 1163 2024 anno
1189 1963 1284 2038 1458,
1304 1965 1343 2025 ut
1364 1936 1486 2071 ,3³⁵2

154 2067 370 2150 premittitur,
403 2065 510 2131 fateor
533 2067 642 2132 omnia
674 2067 837 2150 recepisse
870 2065 1063 2151 predictae
1091 2067 1220 2153 prefato
1252 2068 1342 2152 Mag.

153 2173 269 2255 Petro,
292 2174 498 2259 presentibus
522 2175 661 2241 testibus
684 2174 803 2259 quibus
827 2197 935 2260 supra.
967 2175 1057 2242 Item
1077 2177 1244 2261 predictus
1267 2198 1342 2261 pro·

156 2287 292 2346 curator
323 2281 414 2365 Mag.
438 2280 559 2347 Petrus
583 2282 623 2348 de
647 2280 796 2367 Apoldia
828 2284 1029 2366 presentavit
1061 2285 1141 2349 mihi
1170 2284 1345 2351 dumtaxat

157 2392 199 2455 21
227 2388 380 2458 candelas
404 2389 444 2454 de
476 2388 667 2470 minoribus,
690 2391 768 2473 quia
793 2395 811 2455 3
836 2389 917 2457 dicit
949 2392 1092 2474 amissas,
1118 2397 1150 2456 61
1181 2413 1240 2476 per
1272 2413 1343 2477 pre·

155 2497 343 2562 decessores
367 2497 396 2562 61
419 2517 489 2562 non
513 2502 726 2580 presentatus,
742 2503 776 2564 61
799 2499 907 2564 nescio
931 2519 990 2583 per
1005 2521 1102 2584 quem
1121 2505 1155 2565 61
1173 2500 1369 2584 quomodo,

156 2607 238 2690 quia
261 2605 323 2672 fuit
348 2611 473 2671 motum
496 2606 530 2672 in
554 2607 812 2690 congregacione
846 2607 990 2688 generali
1013 2608 1169 2690 nacionis
1193 2607 1343 2678 6611616-

157 2714 339 2796 gistrorum
363 2715 512 2799 pancitas
536 2735 597 2799 pro
621 2720 698 2780 tunc
722 2715 872 2800 permisit
895 2715 1120 2784 indiscussum.

266 2823 445 2907 Exposita:
469 2822 556 2888 Item
579 2821 706 2908 pedcllo
730 2823 852 2888 artium
874 2826 896 2887 4
920 2822 992 2888 den.
1016 2828 1166 2909 tempore
1189 2845 1343 2890 convoca·

155 2929 259 2996 cionis
281 2929 435 3012 nacionis,
459 2930 536 3013 quia
559 2931 593 2996 in
616 2930 843 2996 intitulatione
866 2931 1001 2996 adiuvit.
1025 2931 1113 2997 Item
1137 2931 1177 2998 de
1200 2931 1344 2998 candelis

153 3037 260 3104 habui
284 3041 325 3103 50
350 3037 423 3104 den.
460 3037 546 3104 Item
578 3037 716 3122 pedellis
740 3038 815 3104 dedi
840 3044 859 3105 6
885 3061 932 3123 gr.
970 3041 1058 3106 Item
1090 3063 1150 3126 pro
1174 3040 1343 3106 frondibus

155 3147 189 3210 in
215 3145 268 3210 die
291 3147 399 3211 sancti
422 3145 571 3212 Ladislai
595 3147 681 3230 regis
707 3151 750 3212 14
773 3147 844 3214 den.
869 3151 1013 3232 exposui.
1050 3148 1138 3215 Item
1162 3171 1221 3234 pro
1245 3148 1343 3214 colla·
1368 3195 1414 3246 'un
1444 3201 1476 3246 27

94 3261 98 3272 ’
156 3248 747 3338 61666301166.61616166.111661
771 3257 939 3339 magistro,
964 3259 1020 3341 qui
1043 3257 1122 3324 16611
1155 3279 1344 3339 sermonem,
1361 3211 1423 3319 lot·
1434 3235 1486 3320 6611

157 3358 200 3446 ¹l,
225 3361 299 3429 libr.
337 3363 423 3428 Item
458 3361 618 3428 iratribus
650 3361 919 3430 Predicatoribus
943 3369 1089 3449 tempore
1113 3363 1344 3431 celebracionis

155 3471 345 3539 festivitatis
378 3471 484 3536 sancti
516 3471 603 3554 regis
636 3469 806 3536 Ladislavi
842 3463 881 3554 ¹),
904 3470 977 3537 libr.
1016 3471 1102 3538 Item
1134 3471 1343 3538 reformando
1363 3453 1476 3586 ju¹n4⁵g÷

156 3580 312 3646 candelas
335 3581 489 3661 nacionis,
509 3580 609 3646 semel
631 3602 691 3664 pro
713 3601 788 3645 cera
807 3585 846 3646 13
864 3581 920 3646 sol.
941 3585 981 3644 18
999 3579 1079 3662 den,
1094 3579 1216 3646 famulo
1232 3585 1254 3646 4
1271 3581 1342 3648 den.
1417 3558 1424 3574 ⁹
1480 3560 1487 3574 ’

155 3688 244 3754 Item
277 3687 459 3753 laboratori
482 3687 691 3752 candelarum
725 3687 806 3752 solvi
831 3689 849 3750 5
874 3688 933 3752 sol.
959 3692 1000 3756 12
1024 3687 1105 3769 den,
1130 3687 1251 3754 famulo
1284 3711 1343 3774 pro

155 3795 323 3864 bibalibus
340 3800 358 3861 5
376 3796 449 3862 den.
466 3796 602 3862 6116616
621 3803 697 3862 sunt
713 3801 854 3880 quatuor
871 3795 1003 3864 candele
1019 3818 1136 3881 magne
1153 3803 1186 3861 et
1201 3803 1344 3882 quatuor

155 3905 309 3986 minores,
326 3903 459 3990 quiade
479 3903 659 3972 minoribus
683 3905 775 3990 Mag.
791 3905 911 3970 Petrus
931 3912 1078 3991 tempore
1103 3908 1245 3993 compoti
1261 3907 1345 3972 dixit

1392 3127 1469 3188 mss,

156 4019 226 4078 tres
260 4012 357 4078 fuisse
385 4013 522 4078 amissas
547 4017 580 4078 et
603 4014 633 4077 ei
656 4034 715 4097 per
738 4012 998 4098 predecessorem
1030 4033 1095 4080 non
1127 4018 1343 4098 presentatas.

155 4119 246 4186 Item
269 4142 328 4204 pro
352 4119 528 4185 collacione
552 4141 624 4186 cum
647 4119 738 4204 Mag.
754 4119 865 4200 Petro,
881 4120 958 4186 dum
981 4143 1041 4206 pro
1065 4120 1207 4188 candelis
1231 4121 1343 4188 ambu-

155 4227 302 4311 lavimus,
323 4233 362 4293 16
379 4227 451 4293 den.
467 4227 542 4294 dedi
566 4249 626 4312 pro
642 4229 726 4310 vino,
743 4231 762 4292 5
779 4249 839 4311 pro
855 4229 991 4293 morosis
1011 4250 1083 4293 cum
1107 4229 1232 4294 simula.
1257 4230 1343 4309 Item

156 4335 318 4402 fratribus
328 4334 598 4404 Prodicatoribus
609 4358 668 4420 pro
679 4336 895 4402 anniversarii
905 4333 1178 4418 celebracionevl,
1188 4336 1261 4402 libr.
1272 4337 1343 4401 den.

266 4443 340 4528 Ego
362 4443 453 4528 Mag.
473 4443 618 4510 Michael
642 4443 682 4510 de
705 4443 842 4527 Feketh,
865 4444 899 4508 in
923 4443 1004 4508 16616
1024 4442 1172 4510 Tiburcii
1196 4443 1342 4512 6111616-

155 4553 243 4618 riani
275 4554 449 4618 martirum
482 4574 567 4618 anno
592 4552 726 4618 Domini
752 4556 838 4618 1458
863 4553 896 4617 in
920 4559 1166 4636 procuratorem
1196 4553 1341 4618 nacionis
1366 4537 1489 4671 elffii.

154 4659 332 4745 Hungaric
355 4659 485 4729 electus,
509 4660 704 4744 resignando
736 4659 823 4726 bona
856 4661 1001 4727 nacionis
1034 4659 1218 4726 honorabili
1251 4659 1341 4742 Mag.

1324 1074 1342 1118 ⁰
1365 1100 1421 1168 apr
1445 1107 1485 1152 14.
1589 1132 1592 1148 1
