3330 5324
239 618 382 688 Ratione
406 643 631 707 expensarum.
656 619 703 689 Ut
737 647 784 704 ea,
818 646 882 708 que
915 645 975 708 par
1007 631 1087 704 erat,
1121 622 1316 688 solennitate

130 736 166 796 et
190 729 308 813 plausu
333 732 462 814 patroni
486 732 590 794 nostri
614 733 720 796 sancti
744 732 830 814 regis
846 729 992 796 Ladislai
1013 731 1223 795 festivitatem
1236 731 1317 794 cele-

128 836 310 917 braremus,
334 844 520 918 susceperat
542 839 576 902 in
600 860 633 903 se
670 844 775 902 totum
809 859 890 903 onus
923 859 1137 921 expensarum
1170 858 1228 920 pro
1261 837 1317 901 illo

128 944 184 1008 die
208 966 293 1008 unus
316 966 356 1008 ex
379 946 537 1028 primaria
561 947 734 1011 nobilitate
758 946 901 1011 nationis
925 945 1111 1028 Ungaricae
1135 943 1258 1022 comes,
1284 954 1316 1010 et

129 1073 206 1116 vero
232 1051 331 1116 etiam
357 1038 421 1116 iam
444 1055 600 1135 pleraque
624 1056 807 1120 necessaria
823 1062 922 1138 atque
939 1056 1037 1117 etiam
1054 1055 1167 1136 ipsam,
1184 1055 1315 1135 quaein

130 1161 264 1243 publico
289 1181 438 1226 consessu
463 1161 646 1228 academico
671 1165 704 1226 in
729 1161 850 1244 templo
875 1161 980 1226 sancti
1005 1158 1162 1244 Stephani
1180 1160 1317 1226 dicenda

130 1267 252 1346 iuerat,
276 1267 456 1332 orationem
480 1278 707 1352 apparaverat,
731 1287 804 1332 cum
829 1269 901 1332 ecce
928 1266 989 1330 tibi
1013 1269 1119 1332 nescio
1144 1267 1222 1350 quid
1242 1269 1315 1332 novi

129 1374 265 1439 aliunde
290 1376 431 1440 incurrit
457 1375 460 1456 Ι
486 1376 720 1460 impedimenti,
737 1376 823 1458 quod
840 1377 1001 1457 optimum
1016 1375 1207 1440 nobilissimi
1228 1377 1316 1440 iuve-
1336 1393 1382 1447 fol.
1406 1401 1472 1448 153³

130 1486 183 1548 nis
206 1484 350 1547 animum
376 1491 409 1548 et
433 1493 587 1549 conatum
611 1506 738 1549 omnem
762 1484 836 1563 alio,
851 1483 983 1548 *scilicet
1005 1486 1040 1548 in
1064 1484 1205 1566 patriam
1223 1490 1255 1548 et
1274 1483 1314 1548 ad

129 1591 341 1673 propinquos,
382 1593 591 1673 quantumvis
630 1591 858 1670 reluctantem,
897 1590 1053 1656 avoca'vit.
1092 1589 1316 1654 Nihilominus

45 1777 47 1780 Ι
129 1699 244 1780 paucis
268 1699 328 1776 his,
354 1699 411 1781 qui
435 1700 477 1763 ad
503 1721 606 1782 usque
629 1702 748 1764 festum
783 1699 916 1782 patroni
948 1700 1052 1762 nostri
1086 1699 1317 1782 superfuerant

129 1803 256 1870 (liebus.
281 1806 422 1870 contulit
446 1806 651 1872 dominorum
675 1807 716 1870 de
740 1807 872 1871 natione
895 1805 1077 1870 liberalitas
1101 1826 1139 1870 ea
1162 1804 1316 1870 subsidia.

130 1919 169 1975 ut
195 1913 229 1976 in
254 1912 429 1976 universim
451 1913 664 1977 habuerimus
689 1918 727 1976 δῖ
755 1915 822 1977 lior.
848 1914 1044 1992 Rhenenses,
1072 1917 1111 1976 la
1136 1911 1183 1976 kr.
1208 1913 1316 1994 Expo-

134 2021 261 2084 suimus
284 2041 361 2104 egro
385 2043 444 2104 pro
468 2023 588 2086 nostris
612 2021 864 2088 solennitatibus
880 2031 913 2087 et
931 2022 1136 2087 dominorum
1155 2021 1316 2086 academi-

131 2150 246 2194 corum
265 2131 462 2195 tractatione
479 2133 583 2210 solita,
599 2153 657 2214 pro
674 2132 814 2211 musicis
832 2131 960 2201 bidello,
985 2131 1118 2195 aedituo
1135 2137 1168 2195 et
1184 2131 1233 2211 iis,
1260 2131 1317 2212 qui

129 2239 181 2302 vel
207 2237 442 2302 ministrabant
466 2239 515 2303 vel
540 2260 591 2303 res
615 2241 721 2304 varias
745 2239 949 2318 deferebant,
971 2245 990 2302 8
1015 2239 1047 2305 fl.
1072 2243 1122 2303 30.
1153 2239 1218 2302 Pro
1244 2238 1317 2304 vino

130 2345 254 2410 diversi
270 2347 398 2428 generis
423 2353 442 2410 9
467 2345 505 2424 fl,
531 2367 589 2428 pro
612 2346 765 2426 bellariis,
792 2346 969 2427 dulciariis,
993 2348 1095 2430 pastis
1111 2347 1317 2426 saccaraceis,

132 2453 299 2518 fructibus
323 2466 356 2518 et
380 2475 462 2536 pane
488 2454 661 2537 multiplici
689 2459 728 2517 15
753 2454 784 2519 fl.
809 2455 1051 2519 Remanserunt
1074 2477 1150 2536 ergo
1184 2477 1223 2519 ex
1248 2463 1318 2518 tota

130 2583 260 2625 summa
284 2568 305 2625 4
329 2563 397 2627 lior.
421 2561 611 2626 Rhenenses
635 2568 669 2624 et
693 2567 734 2626 42
759 2561 818 2640 kr,
842 2583 922 2646 quos
949 2583 1108 2627 unacum
1141 2562 1224 2626 libro
1258 2563 1317 2626 hoc

131 2673 236 2735 reteri
261 2679 294 2736 et
318 2672 429 2736 ladula
450 2672 592 2736 nationis
608 2693 737 2735 rursum
755 2672 889 2734 inventa
906 2670 1029 2734 tradidi
1045 2671 1220 2734 successori
1238 2691 1316 2750 meo,

131 2780 203 2844 viro
228 2780 267 2844 de
284 2781 417 2844 natione
433 2781 494 2844 hac
511 2787 623 2844 nostra
639 2779 743 2861 deque
760 2778 918 2844 facultate
944 2778 1077 2858 medica,
1094 2779 1157 2842 imo
1182 2779 1221 2843 de
1247 2784 1317 2843 tota

132 2887 349 2951 universitate
373 2888 494 2969 optime
520 2888 644 2962 merito,
669 2887 811 2950 nationis
835 2893 965 2948 nostrae
985 2885 1160 2968 promotori
1178 2885 1316 2967 egregio,

130 2995 236 3059 nobili
260 3002 294 3058 et
318 2994 586 3059 excellentissimo
610 2993 703 3056 Dum.
729 2993 859 3057 Adamo
876 2989 1025 3072 Olitorio,
1048 2992 1268 3074 philosophiae
1285 2999 1318 3054 et

131 3103 316 3168 medicinae
340 3103 474 3182 doctori,
499 3101 672 3184 professori
697 3101 852 3182 primario
878 3101 1047 3164 facultatis
1072 3100 1215 3164 medicae
1234 3101 1317 3164 eius-

130 3213 273 3294 demque
297 3211 416 3274 seuiori
439 3209 626 3274 venerabili.

479 3317 534 3382 Ad
559 3318 712 3400 majorem
740 3316 802 3380 Dei
827 3316 973 3399 gloriam.
1041 3375 1044 3383 .

461 3502 462 3505 Ἴ
547 3426 639 3490 Idem
665 3426 721 3508 qui
746 3447 852 3508 supra.
877 3423 1050 3489 Societatis
1073 3425 1154 3488 desu
1181 3446 1220 3489 m.
1244 3445 1272 3506 p.

1368 716 1445 772 1⁶30,

1339 783 1400 848 jan.
1424 790 1465 836 at.
