3324 5326
256 669 512 760 Christophorue
536 669 565 741 a
581 669 737 756 Wsresd,
762 669 852 740 dedit
875 659 919 740 cr.
946 641 977 738 1:
1022 659 1026 668 ’
1133 679 1134 682 ’
1229 659 1258 710 ’·

254 787 425 874 Mattheus
448 809 489 853 ex
512 781 716 866 Honczham‚
740 785 832 850 dedit
855 807 898 850 cr.
925 791 953 851 1.

253 893 379 978 Oasper
403 893 664 979 Synthaviensis,
685 892 777 959 dedit
801 915 844 958 or.
871 899 898 958 1.

253 1001 411 1068 Nicolaus
435 1025 455 1068 a
479 999 671 1086 Sambokry,
694 1001 785 1068 dedit
809 1024 852 1067 cu.
879 1007 907 1066 1.

256 1109 427 1178 Mattheus
451 1111 580 1176 Farkas
604 1110 645 1176 de
669 1109 822 1190 Poklosd,
846 1109 939 1176 dedit
962 1133 1006 1176 cr.
1033 1115 1060 1175 1.

253 1218 451 1284 Franciscus
474 1217 628 1302 Kampos
652 1239 672 1282 a
695 1217 807 1300 Pesth,
831 1219 1009 1303 inscriptus
1033 1219 1124 1284 dedit
1148 1241 1191 1285 cr.
1217 1223 1245 1283 3.

244 1324 419 1415 ¹Greorgius
444 1327 483 1391 de
507 1323 648 1410 Welyke
661 1321 695 1409 ¹),
720 1326 811 1392 dedit
834 1349 878 1392 cr.
905 1332 931 1392 1.

256 1432 382 1520 Oaspar
404 1434 587 1519 Khorpaur
611 1430 849 1518 Posinensis2),
871 1437 1049 1518 inscriptus
1073 1435 1164 1501 dedit
1188 1457 1232 1501 cr.
1258 1440 1286 1500 1.

258 1542 429 1610 Johanues
453 1541 620 1627 Sylsester
653 1565 674 1608 e
706 1537 983 1628 Zyuyrwurallya,
1015 1543 1164 1628 publicus
1187 1542 1331 1610 Hebrai-

145 1671 264 1716 carnm
287 1652 459 1718 literarum
482 1651 654 1736 professor,
677 1652 854 1735 inscriptus
878 1647 976 1733 esti)

663 1795 745 1856 (1514
763 1795 811 1856 Π.)

257 1902 328 1986 Ego
352 1905 586 1970 Johaunes
609 1901 843 1990 Sylvester
867 1905 915 1970 de
948 1902 1479 1988 zynyrwarallya‚f01.12o

145 2007 392 2075 Hebraicsrum
417 2017 450 2075 et
473 2008 678 2077 Graecarum
696 2012 869 2077 literarum
885 2011 1059 2096 professor,
1082 2011 1116 2074 in
1139 2018 1331 2095 procurato·
1395 2087 1405 2096 .

149 2141 223 2183 rem
247 2120 280 2183 in
304 2119 356 2184 die
380 2117 551 2185 Oolomaui
576 2121 709 2203 electus,
732 2120 816 2185 nihil
840 2141 860 2185 a
893 2120 1122 2204 predecessore
1146 2141 1216 2184 meo
1239 2117 1331 2202 Mag.
1359 2086 1473 2204 Οἷςῖᾚ

144 2226 310 2291 Michaele
326 2226 430 2292 Fabri
444 2231 553 2314 recepi
569 2250 676 2314 neque
692 2229 868 2314 quicquam
883 2228 1013 2294 nomine
1032 2229 1174 2293 nationis
1194 2229 1333 2311 expendi

144 2356 253 2418 neque
265 2341 455 2402 successori
470 2357 542 2402 meo
559 2337 690 2413 tradidi,
706 2359 808 2402 unum
824 2343 935 2402 tamen
959 2335 1021 2400 hoc
1043 2337 1180 2420 prestiti,
1204 2343 1243 2400 ut
1267 2336 1332 2401 fac·

146 2444 258 2508 ciones
280 2444 314 2506 in
337 2449 453 2509 nostra
485 2449 583 2527 gente
616 2444 788 2528 gliscentes
821 2444 953 2526 extinxi,
988 2465 1127 2529 quarum
1151 2443 1215 2508 duo
1239 2449 1334 2509 erunt

146 2553 259 2634 capita
283 2550 416 2618 Blesius
440 2551 658 2618 Piscoviensis
683 2557 716 2619 et
738 2551 846 2617 Lucas
864 2552 904 2616 de
928 2551 1037 2618 Zenth
1059 2552 1182 2618 Mihlos
1207 2557 1240 2616 et
1264 2553 1334 2636 qui-

147 2659 225 2724 dam
250 2659 316 2740 alii,
341 2681 421 2742 quos
445 2661 644 2744 ignominiae
668 2681 745 2743 ergo
769 2663 901 2726 nomino
925 2668 958 2726 et
982 2661 1062 2726 hoec
1084 2661 1118 2726 in
1142 2661 1190 2725 rei
1214 2681 1334 2724 memo·

148 2769 235 2832 riam
260 2767 401 2833 adnoto:
426 2770 482 2852 qui
506 2777 620 2834 contra
637 2774 765 2834 statuta
779 2768 976 2834 scholastica
993 2771 1143 2854 quintam
1166 2769 1334 2834 nationem

146 2877 350 2941 constituere
373 2876 527 2958 volentes,
551 2885 667 2942 contre
699 2878 846 2961 ipsorum
870 2877 1102 2942 conscientiam
1127 2875 1219 2942 nulla
1242 2877 1276 2940 in
1299 2897 1338 2954 re
1372 2917 1374 2921 ,

147 2982 279 3065 legibus
302 2983 507 3048 scholasticis
525 2984 753 3068 obtemperare
769 2984 934 3050 volebant.
950 2983 993 3048 In
1018 2985 1202 3067 superiores
1225 2985 1334 3049 insur-

147 3111 236 3174 gere,
256 3091 464 3174 jurentutem
488 3090 669 3156 studiosam
693 3091 890 3159 factionibus
914 3093 981 3158 suis
1005 3113 1212 3175 corrumpere
1236 3092 1334 3158 aude·

146 3196 232 3262 hant
256 3219 296 3262 ac
319 3197 467 3263 inillam
490 3199 668 3264 dominium
685 3221 837 3267 exercere
860 3199 1014 3280 volentes,
1038 3201 1123 3264 inter
1147 3221 1180 3264 se
1204 3205 1335 3264 conten-

147 3305 228 3370 dere
252 3328 338 3371 nunc
362 3307 468 3373 verbis
492 3329 577 3372 nuno
601 3309 701 3373 etiam
725 3309 824 3374 armis
848 3307 1090 3390 presumebant.
1100 3303 1128 3388 ⁴)

682 3452 763 3513 (1545
782 3453 815 3512 Ι.)

1384 3529 1461 3584 1545,

262 3553 358 3624 Anno
373 3559 508 3624 Domini
529 3563 623 3642 1545,
640 3561 779 3645 septima
795 3561 846 3626 die
870 3561 964 3644 Maii,
988 3559 1093 3625 lectus
1118 3563 1169 3625 est
1192 3559 1336 3624 calculus
1364 3593 1429 3656 mgj,
1451 3601 1473 3644 7,

148 3674 263 3748 nostre
288 3668 430 3734 nationis
445 3667 627 3752 'Hungarie
650 3671 685 3732 in
710 3668 825 3734 edibus
858 3667 954 3734 Dom.
987 3667 1140 3734 Doctoris
1163 3665 1334 3732 Francisoi

262 3826 560 3896 ι111111111111111111.
582 3835 650 3882 1543
669 3833 714 3882 H:
735 3827 875 3896 Georgius
898 3827 1068 3884 Vellickiaas
1087 3827 1120 3882 de
1144 3825 1269 3881 Vellicko.

259 3919 281 3978 ¹)
299 3919 331 3970 V.
351 3922 375 3970 ὃ.
395 3935 412 3970 a
431 3917 560 3984 ldanyuk.
583 3923 716 3972 154211:
748 3917 860 3986 Caspar
888 3916 1058 3972 Korabaaer
1087 3915 1270 3985 Pilsaeasia,·
1288 3934 1335 3971 or·

149 4003 240 4059 1111111
259 4005 443 4076 anyolrdayve
465 4013 582 4062 15431:
605 4008 749 4078 Casparas
769 4007 948 4076 Koreapawr
967 4025 1001 4060 ex
1021 4004 1164 4060 Bolsemio.

260 4099 280 4160 ¹)
299 4099 385 4150 Jsmdt
404 4111 458 4168 egy
474 4100 585 4168 jegyzes
603 4103 648 4152 Fr.
668 4097 832 4152 Vincentius
860 4097 1093 4152 Andronicustol:
1114 4099 1197 4151 Anao
1217 4095 1336 4152 Domini

149 4183 232 4254 1560,
252 4185 284 4238 11
302 4187 374 4257 festo
394 4187 452 4242 11111
472 4187 625 4256 01111111,
646 4189 749 4242 electas
767 4188 815 4258 fai
834 4205 881 4258 epo
910 4187 1018 4242 Frater
1043 4187 1206 4244 Vincentius
1226 4185 1335 4241 Andro-

148 4276 235 4330 m'cas
256 4277 456 4347 Troparieasis
475 4278 623 4347 Dalmata,
642 4279 752 4333 ordinis
772 4278 987 4346 Praedicatorii,
1006 4295 1087 4332 sacre
1105 4277 1238 4351 theologie
1254 4279 1336 4345 atque

145 4364 339 4436 philosophiae
359 4367 461 4436 doctor,
488 4369 521 4424 ia
545 4374 761 4439 procuratorem
780 4369 966 4442 ffiraparicae
993 4367 1126 4434 aetionis,
1145 4367 1219 4421 11111
1237 4367 1335 4436 recepi,

148 4473 201 4511 aec
221 4455 349 4512 1111111111
365 4473 418 4512 aec·
428 4460 580 4528 pecaniam
600 4477 618 4514 a
639 4461 721 4515 Dom.
742 4460 862 4515 Doctore
883 4459 973 4514 Paulo
987 4458 1126 4525 Fabricio,
1143 4457 1336 4526 predecessore

149 4564 218 4615 meo,
238 4546 311 4602 11111
329 4565 432 4618 amque
451 4550 574 4620 exposui.
837 4551 838 4556 ’
1045 4617 1047 4621 y
1213 4569 1215 4572 ·

262 4643 284 4702 ⁴)
302 4643 353 4692 Eat
372 4659 403 4693 aa
423 4643 501 4711 agisa
529 4639 682 4695 bekezdest
713 4645 813 4712 vestug
842 4639 1038 4694 tintevontsok
1068 4640 1196 4693 cseknom
1224 4640 1337 4708 egiszen

149 4727 366 4783 olvashetlanns
384 4733 483 4784 tetlelr.
