3324 5326
329 394 394 458 334

327 589 399 656 fleri
422 596 522 676 atque
546 611 620 658 cum
652 587 858 675 Imperatore
892 589 1117 658 Romanorum
1152 597 1266 658 nostro
1290 613 1405 678 pacem
1433 593 1515 660 inire

327 705 516 783 coeperunt,
559 721 621 786 que
664 698 798 766 tandem
831 705 869 766 ut
909 703 1125 784 componatur
1158 707 1192 766 et
1229 699 1391 784 firmetur,
1432 701 1515 767 laxit

328 829 455 874 1111111111
478 807 541 873 Dssl
564 807 703 875 10111111·
947 824 1224 910 Sigismundus
1248 824 1417 910 Geisler,

902 929 1096 1002 philosophiae
1115 949 1148 985 ac
1166 931 1324 986 medicinae
1341 935 1455 986 Doctor.

185 1065 314 1196 ffg'off
436 1091 533 1164 Anno
549 1097 683 1164 Domini
703 1102 798 1179 1606,
817 1101 867 1162 14.
891 1093 1029 1184 Aprilis,
1046 1097 1168 1166 electus
1184 1120 1253 1164 sum
1272 1119 1332 1183 ego
1348 1099 1515 1166 Petrus

192 1217 250 1282 apr.
268 1219 307 1268 14.
327 1203 573 1287 Lambertus,
589 1206 813 1290 philosophiae
824 1209 858 1271 et
864 1205 950 1288 juris
966 1206 1138 1290 utriusque
1154 1206 1278 1288 doctor,
1293 1207 1515 1290 imperialium

327 1312 572 1378 institutionum
587 1313 754 1398 professor
769 1313 964 1394 ordinarius,
981 1315 1270 1398 inprocuratorem
1285 1316 1430 1381 nationis
1445 1315 1515 1381 Uu-

332 1423 463 1506 garicae
487 1445 546 1508 pro
570 1424 721 1508 sequenti
745 1423 893 1490 aestivali
918 1424 1067 1490 semestri
1084 1429 1117 1489 et
1134 1446 1207 1490 cum
1231 1423 1436 1509 reliquarum
1458 1446 1516 1490 na-

298 1525 302 1535 ’
328 1527 454 1594 tionum
471 1529 611 1596 dominis
627 1529 896 1616 procuratoribus
911 1529 946 1595 in
962 1531 1138 1596 Rectorem
1157 1531 1242 1614 eligo
1257 1531 1411 1612 nobilem,
1432 1539 1515 1598 stre-

330 1659 433 1703 nuum
450 1645 484 1704 et
499 1639 708 1724 magnificum
732 1639 838 1704 virum
860 1637 956 1704 Dom.
988 1637 1154 1705 Jacobum
1178 1637 1319 1722 Scholtz,
1342 1642 1516 1726 utriusqus

323 1745 410 1828 juris
433 1745 608 1828 doctorem,
633 1767 748 1814 sacrae
764 1745 948 1814 Caesareae
971 1747 1162 1814 Maiestatis
1186 1753 1247 1815 etc.
1262 1749 1297 1814 in
1313 1750 1442 1816 excelso
1465 1750 1515 1815 in·

327 1851 456 1920 ferio'ris
479 1851 640 1922 Austriae
663 1856 821 1939 regimine
845 1855 1067 1922 consiliarium
1091 1862 1152 1922 etc.

436 1959 470 2026 A
493 1963 745 2047 praedecessore
768 1983 839 2028 meo
871 1964 1015 2032 nationis
1038 1963 1160 2030 librum
1185 1967 1219 2029 et
1242 1969 1318 2030 acta
1349 1964 1515 2048 quaedam

328 2066 452 2133 chartis
486 2069 717 2154 comprehensa
749 2092 817 2136 una
851 2093 924 2136 cum
949 2075 967 2136 3
993 2091 1037 2136 cr.
1060 2071 1180 2156 accepi,
1213 2078 1389 2155 praeterea
1421 2071 1514 2154 nihil,

328 2177 389 2244 sub
413 2199 479 2262 qua
494 2201 568 2245 mea
583 2181 813 2264 procuratione
829 2201 948 2252 nomen
965 2203 1061 2248 suum
1076 2181 1221 2265 inclytae
1237 2183 1363 2247 cadoni
1379 2188 1515 2247 nostrae

328 2287 436 2353 dedit:
461 2285 625 2372 Georgius
640 2287 807 2355 Kleselius
824 2289 980 2374 Ungarus
997 2289 1037 2355 de
1054 2288 1177 2356 Sancto
1201 2287 1354 2374 Georgio,
1371 2291 1429 2373 qui
1453 2311 1514 2373 pro

327 2397 540 2480 inscriptione
563 2397 660 2463 solvit
683 2419 728 2464 cr.
753 2403 782 2481 6,
805 2419 886 2482 quos
911 2419 985 2464 cum
1001 2402 1020 2462 3
1038 2397 1217 2482 praedictis
1241 2397 1419 2463 successori
1443 2417 1515 2461 meo

328 2505 505 2572 reverendo
522 2505 619 2572 Dom.
642 2503 790 2591 Casparo
807 2504 982 2590 Quorckio,
997 2511 1226 2572 sacrosanctae
1251 2503 1438 2587 theologiae
1458 2503 1515 2568 do-

329 2615 422 2696 ctori,
446 2613 698 2699 prothonotario
722 2615 911 2700 apostolico,
935 2614 1078 2682 fideliter
1102 2615 1236 2680 tradidi.

435 2723 584 2808 Exposui
606 2745 682 2790 vero
706 2745 766 2809 pro
784 2724 1002 2790 celebratione
1026 2722 1100 2788 festi
1124 2722 1266 2790 nationis
1290 2721 1424 2808 patroni
1449 2721 1515 2787 diri

182 2809 307 2940 jffl’,
328 2829 475 2896 Ladislai
498 2831 569 2898 flor.
593 2831 722 2898 circiter
747 2836 776 2896 6.

435 2939 510 3006 Hoc
534 2941 684 3006 semestri
700 2940 739 3006 fit
755 2961 828 3006 cum
844 2939 990 3023 Ungaris
1005 2937 1202 3024 pacificatio,
1225 2944 1399 3023 grassatur
1414 2941 1514 3024 pestis

327 3068 387 3130 per
411 3048 596 3114 universam
619 3049 714 3134 quasi
737 3047 912 3114 Austriam
935 3047 1024 3114 inira
1047 3045 1204 3114 Onasum.

345 3161 347 3167 ⁵
801 3173 1470 3242 PetrusLambertusDoctor.

187 3387 254 3434 1303
274 3383 303 3434 11
435 3349 531 3422 Anno
563 3357 698 3423 Domini
734 3361 828 3439 1606,
865 3363 914 3423 13.
938 3357 990 3423 die
1022 3353 1185 3438 Octobris,
1218 3355 1342 3422 electus
1375 3378 1447 3423 sum
1481 3357 1514 3421 in

186 3453 244 3506 okt.
267 3459 307 3506 ¹3·
328 3472 576 3550 procuratorem
608 3467 750 3550 inclytae
791 3467 934 3532 nationis
967 3465 1157 3550 Ungaricae
1190 3487 1250 3549 ego
1284 3464 1514 3552 Oasparus

329 3569 559 3656 Quorclrius,
582 3596 696 3642 sacrae
713 3574 897 3658 theologiae
912 3573 1036 3656 doctor,
1054 3573 1203 3641 officialis
1219 3573 1457 3656 Passaviensis,
1483 3579 1516 3638 et

328 3703 402 3748 cum
418 3683 622 3766 reliquarum
638 3683 809 3748 nationum
821 3682 959 3747 dominis
974 3681 1244 3768 procuratoribus
1254 3682 1340 3765 elegi
1349 3683 1385 3747 in
1395 3681 1515 3748 Recto-

327 3810 397 3854 rem
421 3787 633 3872 magnificum
657 3788 801 3854 nobilem
825 3793 860 3853 et
883 3789 1100 3855 clarissimum
1124 3788 1230 3853 virum
1253 3787 1350 3854 Dom.
1376 3785 1516 3853 Tobiam

270 3921 272 3933 >
326 3895 579 3980 Pirribachium,
603 3897 784 3963 medicinae
808 3896 976 3963 doctorem
999 3902 1033 3962 et
1055 3897 1090 3962 in
1114 3897 1333 3962 universitate
1367 3893 1515 3962 eiusdem

327 4006 555 4090 professorem.

434 4115 575 4182 Librum
598 4115 741 4182 nationis
765 4137 839 4180 cum
863 4114 1046 4182 rationibus
1071 4113 1269 4198 quibusdam
1292 4111 1329 4178 iu
1352 4111 1472 4178 charta
1495 4133 1516 4178 a

327 4223 593 4308 praecessoribus
625 4224 992 4308 compraetorem
1025 4224 1189 4288 rationem
1221 4221 1429 4306 pertinentes
1462 4241 1516 4286 ac-

327 4333 398 4417 cepi
421 4332 463 4397 ab
487 4339 694 4398 antecessore
718 4353 798 4398 meo.

433 4439 576 4507 Nomine
608 4442 749 4508 nationis
772 4440 855 4506 nihil
888 4445 999 4506 actum
1023 4443 1072 4505 est
1100 4441 1171 4504 toto
1192 4425 1234 4504 ¹eo
1257 4441 1416 4524 tempore,
1448 4459 1516 4521 quo

328 4554 524 4636 procurator
548 4549 604 4632 fui,
620 4547 702 4614 nihil
725 4551 845 4634 accepi,
860 4549 941 4614 nihil
958 4549 1102 4633 exposui,
1125 4547 1235 4614 nullus
1250 4545 1431 4632 inscriptus
1454 4553 1517 4614 est.

327 4659 425 4725 Unde
450 4681 534 4742 quae
557 4659 657 4742 paulo
680 4663 758 4724 ante
781 4679 833 4724 me
861 4660 1025 4743 accepisse
1049 4657 1125 4739 dixi,
1149 4658 1328 4723 successori
1352 4677 1434 4739 meo,
1457 4677 1517 4722 no-
