3324 5326
182 827 229 883 fol.
249 831 314 884 leth

198 1561 264 1608 1605
284 1559 307 1608 Ι’

186 1629 245 1697 apr.
267 1635 308 1680 14.

331 410 394 476 332

330 611 462 676 cunctis.
477 609 655 677 inviolabili
679 610 750 694 lege
775 609 949 676 sanciendo
982 609 1134 692 iniunxit,
1158 616 1196 677 ut
1219 609 1282 676 bac
1304 610 1434 677 ratione
1457 633 1514 695 per

330 721 416 787 huno
439 725 546 787 totum
570 742 691 786 annum
714 719 856 786 medium
872 721 907 786 in
923 720 1144 806 superioribus
1170 719 1338 804 Ungariae
1362 722 1512 805 partibus

331 835 430 913 atque
453 851 514 914 per
537 835 641 896 totam
667 823 670 912 l
697 828 985 913 Transsylraniam
1009 830 1181 898 continuae
1205 837 1306 914 atque
1338 839 1515 916 perpetuae

331 937 449 1004 turbae
472 939 604 1004 luerint.
630 935 692 1003 Oui
717 939 909 1022 gravissimo
943 937 1029 1004 malo
1053 939 1210 1004 intestino
1244 939 1354 1006 divina
1387 942 1515 1008 bonitas

331 1047 364 1112 in
388 1054 533 1134 tempore
558 1047 717 1114 remederi
739 1053 839 1132 atque
863 1047 1079 1132 plurimorum
1103 1047 1202 1135 saluti
1227 1049 1395 1115 consulere
1419 1049 1516 1116 bene·

331 1154 390 1222 fiee
415 1157 577 1240 dignetur,
602 1157 744 1222 omnium
768 1157 852 1222 votis
885 1155 1107 1222 indesinenter
1140 1159 1320 1242 optandum
1346 1165 1406 1240 est,
1429 1159 1513 1243 quod

332 1270 365 1336 et
388 1286 447 1351 ego
471 1288 511 1352 ex
535 1267 750 1332 sincerissimo
775 1267 1023 1350 cordeexopto

748 1391 1002 1458 Balthazar
1025 1392 1264 1461 Scultetus
1288 1394 1471 1462 Doctor.

438 1585 534 1656 Anno
559 1589 691 1656 Domini
715 1595 811 1682 Ι1605,
827 1595 888 1658 λ14.
912 1592 1049 1676 Aprilis,
1065 1595 1098 1660 in
1116 1593 1198 1660 festo
1224 1593 1366 1660 Tiburtii
1391 1600 1424 1659 et
1447 1593 1515 1664 Va·

329 1699 453 1780 lariani,
471 1721 529 1782 ego
545 1699 644 1782 Mag.
673 1699 856 1766 Andreae
873 1700 1050 1782 Lechler,
1067 1701 1188 1786 logices
1205 1703 1237 1767 in
1255 1703 1515 1787 archigymnasio

329 1791 509 1875 Viennensi
533 1807 696 1892 professor
730 1809 923 1890 ordinarius,
949 1833 988 1874 ex
1011 1811 1132 1877 circulo
1156 1811 1337 1876 Rhenanae
1371 1814 1513 1878 nationis

329 1911 370 1982 ob
394 1917 556 2010 delectum
592 1918 742 2002 magistri
775 1914 1001 2002 philosophiae
1023 1921 1058 1984 in
1090 1927 1337 2002 procuratorem
1370 1921 1512 2004 inclytae

328 2023 470 2089 nationis
496 2023 681 2107 Ungarieae
697 2046 767 2106 sirm
785 2025 969 2110 postulatus
986 2033 1020 2092 et
1036 2049 1101 2092 una
1117 2049 1189 2092 oum
1213 2029 1348 2112 reliquis
1373 2029 1511 2094 dominis

329 2133 496 2197 nationum
521 2133 788 2216 procuratoribus
813 2133 895 2218 elegi
920 2137 952 2199 in
970 2135 1146 2202 Rectorem
1172 2138 1395 2202 universitatis
1419 2139 1515 2204 huius

329 2239 503 2307 admodum
541 2241 763 2322 reverendum,
797 2241 947 2325 nobilem,
988 2243 1198 2326 magnificum
1232 2252 1265 2310 et
1298 2246 1514 2311 clarissimum

328 2349 433 2413 uirum
458 2347 553 2414 Dom.
570 2348 660 2434 Mag.
684 2349 800 2417 Vitam
817 2351 992 2435 Schiesser,
1009 2355 1209 2420 cathedralis
1234 2355 1391 2422 ecelesiae
1415 2356 1513 2422 Vien-

328 2447 439 2524 nensis
463 2457 505 2524 ad
530 2463 680 2524 sanctum
705 2457 910 2544 Stephanum
934 2463 1123 2527 canonicum
1142 2468 1175 2527 et
1191 2464 1225 2528 in
1249 2464 1511 2548 archigymnasio

328 2563 449 2631 ibidem
473 2565 623 2649 physices
646 2567 864 2650 professorem
888 2569 1090 2635 ordinarium
1115 2576 1175 2635 etc.

436 2692 492 2758 Ab
517 2697 720 2759 antecessore
744 2717 814 2760 mec
839 2696 1012 2762 admodum
1047 2697 1232 2778 reverende,
1256 2697 1368 2777 nobili,
1393 2699 1514 2782 magni·

326 2803 389 2870 fico
414 2809 447 2869 et
472 2804 649 2870 clarissimo
672 2804 742 2869 viro
765 2803 860 2869 Dom.
885 2805 1085 2870 Baithazaro
1108 2802 1267 2886 Scultetc,
1288 2813 1514 2872 sacrosanctae

329 2913 513 2996 theologiae
537 2912 677 2994 doctore,
695 2915 920 2996 protonotario
937 2913 1125 2998 apostolico,
1149 2913 1391 2980 cathedralium
1417 2915 1514 2980 eccle·

331 3023 453 3086 siarum
477 3019 746 3086 Vratislaviensis
770 3026 803 3086 et
837 3021 1035 3089 Viennensis
1058 3023 1213 3088 canonico
1237 3028 1269 3088 et
1294 3022 1337 3088 ad
1362 3029 1512 3088 sanctum

331 3127 534 3214 Stephanum
558 3127 707 3196 Viennae
725 3131 870 3212 custode,
886 3131 920 3194 in
936 3131 1074 3214 pecunia
1091 3130 1133 3195 ad
1149 3131 1315 3196 nationem
1333 3131 1511 3214 pertinenti

331 3237 410 3303 nihil
435 3239 553 3321 accepi.
586 3237 696 3321 Igitur
721 3239 763 3303 ad
787 3239 907 3304 festum
940 3240 1004 3304 divi
1029 3237 1186 3320 ladislai,
1220 3239 1308 3322 regis
1341 3238 1510 3322 Ungariae

330 3351 363 3410 et
387 3345 531 3410 eiusdem
555 3345 695 3410 nationis
719 3348 857 3430 patroni,
875 3347 926 3412 die
944 3352 996 3412 27.
1012 3346 1037 3412 J
1039 3347 1108 3412 unii
1124 3346 1364 3427 celebrandum,
1390 3346 1512 3412 domiui

332 3453 493 3518 Doctores
517 3460 550 3518 et
575 3453 723 3536 magistri
748 3454 856 3518 dictae
878 3455 1021 3520 nationis
1046 3455 1231 3538 Ungarieae
1255 3477 1295 3519 ex
1317 3453 1514 3519 liberalitate

330 3561 578 3626 contribuerunt
595 3567 781 3644 sequentem
798 3583 957 3628 summam
980 3563 1155 3644 pecuniae:
1180 3561 1247 3625 Pro
1271 3565 1408 3626 cantore
1432 3559 1463 3624 fl.
1488 3565 1515 3640 1,

330 3669 386 3734 sol.
404 3674 432 3751 2,
451 3667 521 3734 deu.
539 3673 571 3748 0;
588 3689 647 3755 pro
664 3670 832 3752 organista
848 3669 879 3733 fl.
898 3675 925 3750 1,
943 3669 999 3733 sol.
1016 3672 1045 3749 2,
1063 3669 1127 3734 den
1146 3675 1180 3750 0;
1197 3689 1256 3753 pro
1280 3689 1435 3733 mensura
1450 3668 1514 3732 vini

259 3851 262 3856 .
330 3777 453 3844 Cretici
476 3775 507 3840 fl.
532 3781 561 3856 2,
578 3775 633 3840 sol.
652 3781 679 3858 5,
704 3776 776 3841 deu.
803 3781 861 3852 10;
886 3798 944 3860 pro
961 3775 1276 3860 hypotrommatibua
1307 3775 1338 3839 fl.
1366 3779 1393 3854 l,
1411 3775 1469 3840 sol.
1487 3777 1514 3854 5,

329 3886 401 3953 den.
421 3889 480 3965 183
503 3905 562 3966 pro
579 3883 704 3967 pedello
721 3883 752 3948 fl.
768 3889 797 3964 0,
814 3885 871 3948 sol.
889 3889 918 3966 3,
936 3884 1007 3949 den.
1026 3891 1062 3950 6:
1080 3906 1139 3968 pro
1156 3883 1289 3948 aedituo
1315 3883 1346 3948 fl:
1364 3889 1395 3964 0,
1411 3884 1468 3948 sol.
1487 3889 1514 3964 2,

330 3994 401 4060 den.
425 3999 458 4074 03
483 4013 542 4075 pro
565 3992 706 4077 panibus
729 3991 759 4057 fi.
784 3997 813 4072 0,
837 3991 893 4056 sol.
921 3996 948 4074 1,
973 3992 1044 4058 den.
1072 3997 1120 4058 10.
1144 3991 1279 4058 Summa
1302 3991 1333 4056 fl.
1352 3995 1381 4072 ’1,
1405 3990 1462 4056 sol.
1486 3995 1514 4070 5,

330 4102 402 4168 deu.
429 4105 479 4166 14.

438 4227 512 4292 Η55
545 4229 694 4293 semestri
726 4226 880 4311 Hungari
914 4226 1051 4292 rebelles
1075 4232 1107 4292 et
1130 4227 1308 4292 Heudcnes
1341 4247 1409 4290 una
1443 4247 1514 4290 eum

329 4336 436 4417 impiis
461 4335 577 4400 Turcis
594 4341 628 4400 et
646 4334 805 4415 Tartaris,
823 4357 904 4418 quos
921 4334 983 4399 sibi
999 4335 1033 4398 in
1050 4335 1257 4399 coadiutoree
1281 4339 1515 4413 assumserunt

331 4442 502 4510 Austriam
527 4445 726 4524 invaserunt,
761 4444 916 4526 pleraque
941 4444 1012 4508 loca
1037 4443 1285 4526 direptionibus,
1318 4441 1515 4508 devastatio·

329 4552 425 4618 nibus
458 4559 491 4616 et
523 4553 664 4617 flammis
698 4552 927 4636 sermoneque
960 4551 1123 4620 Viennam
1149 4551 1385 4632 deformarent,
1418 4549 1511 4618 Obri-

329 4662 493 4744 stianique
517 4658 721 4726 Christianos
747 4654 815 4740 (res
840 4659 933 4726 dictu
955 4653 1133 4742 horrenda)
1157 4679 1217 4744 per
1241 4659 1381 4726 immane
1405 4657 1510 4726 scelus
