3324 5326
254 661 431 729 Praedicto
455 681 541 726 anno
564 657 730 728 Henricns
753 661 819 728 dux
836 659 1132 748 Andagavensium‚
1155 673 1254 732 natus
1277 687 1334 732 rex

139 775 176 840 in
195 771 355 841 Gallia'et
371 781 545 843 coronatus
562 771 750 840 inPolonia
774 770 887 858 (paulo
911 781 987 841 ante
1004 776 1038 840 in
1054 797 1162 860 regam
1188 777 1334 860 electus),

141 889 265 957 Carclo
288 913 364 976 rega
387 890 517 959 Galliae
541 893 645 958 fratre
677 896 816 971 mortuo,
850 889 992 974 turpiter
1015 903 1151 972 regnum
1174 887 1332 958 Poloniae
1381 954 1447 1000 ¹574

142 1014 178 1073 et
203 1028 279 1072 snos
303 1003 451 1074 deserens
468 1008 501 1072 in
519 1005 662 1074 Galliam
688 1027 759 1072 sese
783 1005 952 1090 recipiens,
977 1003 1028 1070 die
1052 1005 1104 1069 24.
1129 1000 1233 1082 Junii,
1258 1024 1330 1067 cum
1347 1019 1408 1085 jen.
1429 987 1471 1074 ai.

141 1116 309 1183 Viennam
343 1117 477 1198 reniret,
511 1115 634 1182 Caesar
658 1113 905 1180 Maximilianus
928 1113 986 1178 II..
1019 1109 1181 1195 principes
1206 1115 1239 1175 et
1263 1115 1334 1176 tota

141 1225 221 1291 auls
253 1228 317 1311 ipsi
340 1227 382 1291 ad
406 1230 537 1311 pontem
570 1247 673 1310 usque
697 1224 794 1308 Lupi,
826 1223 923 1305 vulgo
947 1215 1181 1305 Wolffspruck,
1205 1219 1333 1286 obviam

141 1343 384 1418 processerunt.
429 1351 449 1366 ”
1347 1337 1451 1449 [1574

252 1443 377 1510 Eodem
417 1465 511 1525 anno,
545 1443 598 1509 die
634 1449 684 1509 ll.
707 1441 802 1524 Julii,
836 1448 982 1507 mortuus
1016 1448 1067 1507 est
1099 1463 1181 1506 novo
1214 1463 1333 1526 genere
1360 1468 1413 1533 jer.
1435 1437 1475 1522 11,

141 1551 250 1616 morbi
273 1551 390 1618 nobilis
406 1559 440 1618 et
456 1553 655 1618 clarissimus
676 1553 759 1635 juris
783 1540 952 1636 utriusque
978 1551 1104 1618 Doctor
1128 1551 1223 1617 Dom.
1246 1553 1334 1616 Lau·

143 1661 274 1726 rentius
307 1655 530 1727 Zimmarman
564 1661 841 1742 Vratislariensis,
866 1661 915 1726 vir
938 1661 1083 1744 longiore
1115 1661 1183 1725 vita
1207 1660 1333 1744 dignus.

252 1770 356 1835 Porro
373 1769 500 1836 futuros
516 1770 658 1860 inclytae
674 1770 772 1837 huius
794 1775 927 1836 nostrae
951 1771 1095 1836 nationis
1119 1753 1394 1852 Hungaricaef01·
1416 1757 1481 1809 ¹³⁵b

141 1869 294 1942 dominos
328 1885 558 1962 procuratores
581 1901 640 1964 pro
663 1901 737 1944 mea
760 1885 854 1964 parte
878 1901 958 1963 rogo
981 1883 1014 1944 et
1039 1900 1104 1959 0r0,
1129 1883 1175 1960 ut,
1200 1879 1227 1944 si
1252 1879 1332 1962 quid

140 1985 302 2048 memoria
334 1985 469 2068 dignum
502 1975 685 2068 contigerit,
709 1987 744 2051 in
767 1985 886 2052 librum
910 1983 1005 2051 huna
1028 1989 1189 2050 annotare
1222 1985 1333 2062 velint,

142 2085 295 2158 futurum
319 2093 504 2178 aliquando,
528 2095 615 2178 quod
640 2101 811 2160 annotasse
835 2094 969 2161 iuvabit.
1001 2091 1104 2179 Spero
1128 2115 1257 2178 quoque
1281 2115 1333 2158 or-

141 2201 251 2267 dinem
287 2209 456 2268 secuturos
489 2210 523 2268 et
545 2201 634 2286 nihil,
668 2203 755 2287 quod
779 2203 822 2268 ad
844 2205 1001 2269 honorem
1024 2203 1167 2268 nationis
1199 2207 1331 2267 nostrae

142 2310 249 2390 cedet,
273 2311 569 2393 praetermissuros.
587 2303 681 2394 Quod
699 2311 792 2378 deest
808 2333 828 2376 a
842 2310 1113 2396 procuratoribus
1133 2309 1330 2394 praeteritis,

140 2438 215 2481 curn
251 2416 333 2482 illud
353 2408 616 2500 continuabitur,
643 2419 864 2488 inscribentur
887 2420 921 2484 hi
947 2427 1016 2486 tres
1030 2413 1055 2501 ¹)
1091 2417 1330 2484 adolescentes:

253 2515 509 2608 Ohristophorus
534 2523 650 2592 Sartor
673 2523 855 2610 Silesius²)‚
880 2527 976 2592 solvit
1000 2531 1020 2589 3
1044 2549 1087 2591 cr.

252 2633 408 2700 Andreas
432 2631 592 2699 Seidelius
616 2634 785 2718 Brigensis
809 2630 993 2716 Silesius3),
1018 2635 1121 2717 gratis
1145 2635 1329 2718 inscriptus.

252 2737 415 2824 Georgius
439 2741 659 2808 Bertmannus
683 2739 907 2808 Dentiscanus
916 2738 954 2825 ⁴).

251 2847 406 2914 Andreas
416 2849 616 2916 Prudentius
627 2845 1328 2932 SchiinenbrunnensisSilssius,magistar⁶).

812 2975 1018 3064 Andreas
1042 2975 1283 3060 Nigrinus,
1328 3003 1330 3008 ’

877 3080 948 3146 juris
968 3077 1095 3145 utrisque
1115 3079 1219 3132 doctor.

194 3318 199 3328 Ι
249 3237 343 3307 Ilom.
367 3241 504 3330 Doctori
528 3241 720 3332 Nigrinoin
737 3247 920 3310 mutatione
937 3245 1078 3329 hyemali
1101 3245 1256 3310 successit
1272 3265 1322 3308 re·
1345 3243 1462 3292 157411

136 3351 301 3415 verendus
325 3350 363 3415 P.
396 3349 560 3415 Petrus
585 3349 806 3434 Buseaus,
839 3351 1012 3418 Societstis
1044 3351 1127 3418 Jesu
1160 3351 1323 3433 sacerdos,

135 3464 368 3524 sacrosanctae
391 3459 573 3543 theologiae
588 3459 623 3525 in
645 3461 860 3526 universitate
884 3462 946 3527 hac
969 3461 1141 3545 professor,
1158 3465 1196 3525 ut
1213 3458 1323 3523 videre

135 3573 189 3630 est
213 3587 315 3650 supra
338 3566 393 3631 rel.
420 3571 481 3630 129
494 3560 531 3648 ⁰).
555 3563 665 3632 Huius
688 3573 764 3632 acta
788 3567 1026 3633 desiderantur.

1301 3692 1319 3706 ..
1356 3659 1456 3706 15751

147 3699 149 3706 '
247 3684 343 3757 Anno
366 3691 500 3758 Domini
523 3691 570 3756 M.
594 3691 637 3758 D.
660 3691 811 3762 LXXV.
834 3695 869 3759 in
893 3695 976 3766 festo
1001 3694 1151 3758 divorum
1175 3691 1321 3757 Tiburtn
1341 3727 1399 3794 gp„
1421 3734 1462 3780 ,4⁸

134 3808 169 3866 et
194 3800 365 3867 Valeriani
391 3804 583 3883 martyrum,
600 3821 658 3883 ego
676 3797 899 3866 Sebaldus
923 3799 1182 3884 Penninger
1206 3797 1323 3862 Wa-s-

133 3907 273 3976 serbu
284 3929 301 3972 r
311 3929 332 3992 g
343 3929 360 3971 e
370 3907 463 3972 nais
487 3907 691 3972 Bararus
704 3957 711 3988 ,
727 3909 848 3972 artium
866 3914 899 3972 et
914 3907 1138 3992 philosophiae
1153 3907 1322 3990 magister,

133 4015 299 4082 communi
338 4013 543 4078 dominorum
585 4013 866 4080 consiliariorum
893 4014 1049 4097 suffragio
1087 4010 1249 4096 electus')
1287 4013 1321 4078 in

132 4127 382 4208 procuratorem
415 4119 558 4186 nationis
591 4120 814 4205 Hungsricae,
847 4119 929 4187 nibil
961 4144 982 4187 a
1014 4120 1320 4205 praedecessoribus
1427 4143 1431 4172 =

246 4301 265 4361 Ι)
284 4297 418 4352 Azonbau
435 4299 544 4368 ncgyen
562 4298 680 4354 rannak.

243 4371 265 4432 ¹)
284 4374 317 4424 V.
336 4376 361 4423 ὃ.
381 4369 498 4424 f'o'ntebb
517 4376 577 4424 302.
596 4370 615 4424 l.

244 4447 264 4506 ⁸)
283 4447 316 4497 V.
336 4448 360 4495 ὃ.
380 4440 497 4496 fdntebb
517 4449 576 4496 302.
597 4443 615 4498 Ι,

242 4519 264 4579 ⁴)
283 4519 315 4568 V.
335 4521 359 4568 ὅ.
379 4514 495 4570 fontabb
520 4523 579 4569 302.
600 4515 619 4568 l.

243 4593 264 4650 ὓ)
284 4585 376 4641 Ehhez
394 4591 453 4658 mas
472 4587 580 4640 hartel:
603 4587 693 4642 »Vide
711 4603 800 4654 supra
813 4586 883 4653 folio
897 4589 974 4640 130.‹
990 4591 1032 4651 (V.
1046 4594 1072 4640 ὅ.
1086 4585 1201 4641 lontebb
1215 4593 1275 4641 ³02.
1289 4585 1319 4648 l.)

242 4664 263 4724 ⁸)
283 4663 315 4712 v.
335 4665 360 4711 a.
380 4657 496 4712 fantebb
517 4667 576 4713 301.
600 4659 618 4712 l.
1129 4705 1130 4710 ,

141 4788 145 4798 ,
173 4788 177 4797 ,
232 4736 265 4810 ἦ)
283 4729 420 4786 Ellenben
439 4749 456 4788 a
474 4731 630 4800 lapszelen:
646 4730 817 4800 postulatus.
