3324 5326
350 455 414 526 308
460 511 462 516 ,

455 657 528 728 Hos
552 678 630 742 ergo
655 661 697 723 24
720 655 769 724 kr.
793 654 917 724 tradidi
950 653 1128 724 successori
1150 648 1222 722 mec
1246 651 1422 720 admodum
1446 670 1534 720 reve·

344 769 445 837 rendo
469 791 507 834 ac
523 768 704 834 clarissimo
727 766 822 832 Dom.
846 768 967 832 artium
991 773 1025 831 et
1048 765 1271 852 philosophiae
1295 765 1386 848 Mag.
1410 763 1533 830 Joenui

347 877 521 944 Walthero
546 899 617 942 una
641 899 715 942 cum
739 874 824 941 libro
857 875 1017 957 nationis;
1049 874 1141 942 aliud
1164 875 1251 940 enim
1273 873 1355 940 nihil
1378 874 1421 939 ab
1446 879 1533 937 ante·

346 1008 474 1053 cessere
497 987 618 1070 accepi.

836 1073 1049 1082 —————-—-

791 1201 905 1263 (15141
923 1231 959 1241 -
979 1207 1046 1254 roos
1065 1201 1100 1262 1.)

726 1324 815 1395 Acta
837 1329 1111 1412 procuratorum
1122 1324 1163 1411 ¹).

347 1555 349 1560 ,
447 1465 707 1559 Sequuntur
728 1477 1008 1559 quorundam
1035 1476 1167 1541 huius
1187 1473 1393 1557 inclytae
1420 1471 1534 1536 nati·

347 1585 444 1650 onis
477 1591 830 1667 procuratorum
862 1591 974 1668 acta,
1008 1607 1090 1670 que
1131 1584 1356 1650 hactenus
1394 1600 1535 1663 usque

347 1691 400 1756 ad
431 1690 539 1773 Mag.
571 1689 777 1758 Andreae
802 1692 1049 1758 Prudentii
1073 1687 1536 1758 Schiineubrunensis

347 1795 520 1881 Silesiu
559 1821 717 1866 sacrae
756 1796 1010 1868 Caesareae
1057 1799 1329 1866 Maiestatis
1370 1804 1451 1862 etc.
1493 1796 1535 1858 in

347 1902 481 1972 rebus
515 1907 856 1975 ecclesiasticis
880 1931 957 1994 per
990 1907 1227 1976 Austriam
1259 1903 1536 1982 consiliarii,

347 2016 728 2097 procurationem,
752 2014 951 2100 adquam
979 2023 1039 2083 19.
1072 2018 1141 2082 die
1165 2017 1327 2082 mensis
1351 2010 1535 2097 Aprilis

348 2143 460 2187 anno
499 2122 714 2190 humanae
752 2123 921 2191 salutis
963 2131 1093 2192 1607.
1141 2125 1316 2190 electus
1355 2122 1455 2202 suit,
1495 2121 1535 2183 in

347 2229 1157 2310 librumhunccensueruntrelata.

232 2107 310 2165 reor,

204 2173 262 2240 apr.
284 2181 324 2226 19.

213 2375 282 2423 1574
303 2371 318 2421 1

204 2444 263 2510 apr.
285 2448 325 2494 14.

456 2387 550 2459 Anno
574 2395 742 2459 millesimo
774 2395 1033 2480 quingentesimo
1065 2395 1302 2481 septuagesimo
1326 2397 1455 2477 quarto,
1483 2393 1533 2456 14.

348 2501 401 2566 die
425 2500 562 2585 Aprilis,
586 2524 644 2586 ego
668 2503 873 2570 Andreas
905 2503 1126 2588 Nigrinus
1159 2503 1535 2568 Juliomontanus

349 2610 702 2694 Marcomannus,
727 2611 806 2690 iuris
829 2614 1001 2697 utriusque
1025 2614 1148 2693 doctor,
1172 2612 1214 2690 ab
1230 2611 1372 2694 inclytae
1396 2609 1538 2674 nationis

349 2719 564 2802 Hungaricae
588 2720 780 2786 consiliariis
813 2721 908 2788 Dom.
940 2721 1121 2786 Melchiore
1155 2719 1368 2804 Engelhardo
1393 2725 1428 2783 et
1450 2717 1537 2782 Lau-

350 2827 458 2894 rentio
483 2827 757 2906 Zimmermanno,
778 2828 862 2910 juris
885 2831 1064 2913 utriusque,
1088 2829 1184 2894 Dom.
1207 2829 1311 2893 Paulo
1335 2826 1489 2892 Fabritio
1505 2831 1538 2891 et

352 2936 523 3000 Beniamin
555 2935 752 3018 thschtitz,
784 2938 1017 3004 medicinarum
1051 2936 1248 3018 doctoribus,
1276 2936 1353 3001 viris
1377 2934 1538 3000 nobilibus

352 3047 385 3106 et
408 3043 606 3124 clarissimis,
629 3045 663 3108 in
687 3053 934 3128 procuratorem
958 3047 1100 3110 nationis
1117 3045 1276 3110 eiusdem
1309 3043 1434 3108 electus
1457 3065 1539 3106 sum.

352 3147 439 3234 Quia
461 3173 537 3216 vero
555 3174 575 3216 a
590 3153 841 3236 praedecessore
864 3175 944 3235 meo,
969 3153 1119 3237 praelato
1143 3152 1240 3218 Dom.
1263 3151 1409 3218 Doetore
1433 3151 1537 3216 Paulo

352 3259 505 3324 Fabritio
537 3259 629 3336 nihil,
662 3261 749 3344 quod
773 3262 815 3327 ad
839 3263 1003 3328 nationem
1036 3262 1158 3327 dictam
1191 3263 1384 3346 pertineret,
1417 3260 1537 3342 accepi

352 3367 426 3431 ideo
449 3388 510 3432 nec
533 3367 676 3432 rationes
700 3367 836 3432 reddere
869 3391 920 3433 me
944 3390 1004 3433 nec
1028 3389 1121 3452 posse
1153 3391 1213 3433 uec
1237 3367 1356 3434 dehere
1381 3368 1538 3444 existimo,

353 3481 387 3538 et
410 3475 496 3558 quod
521 3497 558 3539 eo
582 3477 711 3541 nomine
744 3477 868 3560 posteri
893 3500 913 3542 a
937 3498 987 3541 me
1011 3477 1187 3559 quicquam
1216 3477 1290 3559 jure
1314 3477 1442 3559 exigere
1465 3497 1539 3559 pos·

353 3583 428 3664 sint,
452 3587 624 3666 protestor.
649 3583 847 3650 Venerabile
871 3585 1097 3650 consistorium
1113 3585 1253 3650 consiliis
1277 3585 1358 3650 meis
1372 3584 1538 3668 qualibus-

353 3712 480 3774 cunque
511 3692 577 3756 iuvi
602 3696 635 3756 et
658 3698 837 3776 praeterea,
870 3695 958 3778 quod
990 3695 1091 3777 potui,
1124 3695 1275 3777 praestiti
1309 3692 1485 3776 diligenter
1506 3696 1539 3756 et

352 3798 502 3865 libenter.

461 3906 530 3973 Sub
547 3930 619 3973 mea
635 3907 929 3992 administratione,
945 3912 1033 3994 quod
1049 3911 1103 3976 hic
1119 3911 1264 3977 inserere
1280 3933 1344 3975 nen
1370 3909 1538 3993 indignum

353 4017 457 4080 visum
481 4019 540 4096 est,
565 4015 644 4080 haec
675 4009 892 4099 contigerunt.

463 4121 562 4187 Anno
589 4127 683 4205 1574,
708 4125 760 4189 die
784 4129 835 4189 20.
860 4124 998 4208 Aprilis,
1032 4132 1180 4192 mortuus
1204 4133 1254 4191 est
1276 4125 1396 4193 nobilis
1428 4133 1463 4192 et
1485 4149 1541 4191 ex·

355 4231 475 4296 cellens
491 4231 764 4316 Barptolomaeus
781 4233 1008 4315 Reisacherus,
1024 4235 1247 4318 philosophiae
1264 4241 1296 4300 et
1305 4233 1539 4301 medicinarum

355 4340 478 4422 doctor,
511 4342 680 4425 hospitalis
713 4341 865 4408 Caesarei
896 4344 1057 4425 physicus,
1089 4343 1312 4410 universitatis
1345 4343 1544 4411 Viennensis

355 4450 605 4515 mathematicus
630 4455 663 4514 et
686 4451 851 4534 professor
875 4451 1070 4518 ordinarius.

240 4108 317 4155 1574.

211 4175 270 4242 ipr.
291 4181 332 4226 20.

358 4721 397 4770 Aa
416 4717 453 4771 itt
472 4718 631 4788 bejegyaett
650 4716 818 4770 scholarisoh
838 4735 869 4770 aa
887 4716 966 4771 illetd
985 4719 1054 4771 evek
1073 4718 1306 4789 idljcgyne'seinek
1325 4719 1484 4774 ismetlesai.
