3324 5326
1265 441 1328 505 271
1389 465 1394 478 ·

652 637 747 724 11516
766 638 815 700 Π.)

250 737 323 826 Ego
356 741 456 825 Mag.
488 739 690 806 Johannes
723 739 918 806 Munckuo
942 739 1232 822 exllywaczicz
1255 761 1328 825 per·

139 852 212 935 cepi
229 850 271 916 ab
289 849 560 916 excellentissimo
577 850 645 914 viro
661 847 807 914 Doctore
831 847 857 913 J
859 847 986 914 ohanne
1010 847 1145 932 Angrer
1169 869 1328 915 summam

138 958 359 1042 prescriptam
382 957 424 1022 ab
449 956 562 1022 eodem
586 963 619 1022 et
643 973 716 1021 cum
732 955 804 1021 aliis
821 955 1100 1034 concernentibus,
1116 955 1326 1040 presentibus
1375 1017 1443 1062 1515

1446 1049 1453 1074 1

138 1070 178 1129 01
203 1087 312 1148 supra,
337 1065 421 1132 feria
444 1066 549 1132 tercia
572 1061 724 1148 Symonis
748 1068 783 1129 et
806 1063 897 1146 Jude
922 1085 1006 1128 anno
1033 1065 1129 1130 1516.
1353 1081 1468 1135 01100.

250 1173 323 1256 Ego
347 1172 495 1240 Joanues
519 1171 688 1238 Munckuo
713 1193 752 1235 ex
775 1171 962 1254 Eywaczicz
983 1177 1044 1237 etc.
1061 1170 1189 1256 reliqui,
1205 1171 1330 1237 calculo

139 1288 286 1365 peracto,
305 1284 484 1350 successori
500 1289 640 1368 protunc
662 1281 868 1365 procuratori
892 1279 984 1364 Mag.
1008 1279 1133 1346 Ioanni
1156 1277 1332 1347 Aurilabri

139 1392 360 1471 preeminenti
386 1397 406 1455 8
430 1389 500 1456 flor.
525 1389 741 1471 Ungaricales
766 1394 801 1454 01
827 1393 868 1454 10
892 1387 965 1453 flor.
988 1388 1187 1470 Rheuenses,
1214 1393 1253 1454 13
1278 1410 1330 1488 00,

139 1497 352 1583 presentibus
386 1499 525 1582 egregiis
557 1499 637 1563 viris
660 1496 828 1580 magistris
851 1496 944 1580 Mag.
967 1495 1148 1562 Melcbiore
1171 1495 1331 1564 Oasscho·

138 1608 262 1688 wiensi,
286 1607 376 1691 Mag.
399 1605 503 1672 Petro
527 1605 726 1691 Sempronio,
761 1605 852 1688 Mag.
884 1603 1083 1688 Volffgango
1115 1605 1331 1689 Heyligmeir,

140 1737 231 1782 anno
267 1719 351 1780 1517
386 1737 446 1800 pro
480 1719 625 1800 tempore
658 1713 807 1798 hyemali,
831 1707 1003 1778 Sabbatho
1027 1717 1103 1778 ante
1127 1711 1333 1778 Dominicam
1357 1685 1470 1814 &3⁷50

139 1825 288 1891 Oautate
312 1831 373 1890 etc.

677 1968 757 2028 (1517
776 1968 810 2028 Ι.)

255 2065 327 2152 Ego
343 2067 443 2151 Mag.
462 2067 488 2132 J
494 2089 640 2133 000000
662 2065 874 2134 Aurifabri
898 2065 1178 2134 Varasdieusis
1201 2068 1331 2151 percepi

139 2199 182 2242 ex
217 2175 396 2242 venerabili
428 2178 497 2241 viro
528 2175 618 2259 Mag.
651 2173 1331 2258 ,10000οΜ00100000000001101010,

141 2287 224 2351 viris
249 2284 548 2370 supranominatis
581 2283 798 2367 presentibus,
831 2281 978 2349 Sabbato
1011 2287 1088 2348 0010
1120 2280 1329 2348 Dominicam

141 2393 288 2460 cantate
312 2414 398 2458 0000
421 2391 555 2458 Domini
580 2395 676 2459 1517.
1352 2369 1463 2499 mffjlss·

251 2503 415 2586 Exposita
444 2524 504 2587 per
527 2507 772 2588 procuratorem
796 2499 839 2564 ad
862 2499 1006 2564 nacionis
1031 2497 1234 2564 commodum
1258 2518 1329 2580 spe·
1350 2523 1397 2576 fol.
1414 2523 1479 2576 urb

141 2611 291 2676 ctaneia:
316 2611 403 2676 Item
419 2631 478 2695 pro
495 2607 603 2676 0111010
620 2608 846 2674 defunctorum
863 2607 951 2691 00οᾶ
971 2606 1203 2672 Predicatores
1228 2611 1261 2670 01
1285 2605 1329 2669 vi-

141 2719 230 2802 giliis
264 2725 468 2785 mortuorum
491 2722 513 2783 4
537 2718 594 2783 sol.
618 2717 705 2782 Item
729 2715 867 2781 bedellis
893 2720 910 2779 7
936 2736 980 2782 cr.
1004 2715 1091 2780 Item
1115 2734 1176 2798 pro
1198 2714 1330 2778 intima-

141 2827 292 2892 cionibus
316 2831 337 2891 4
362 2847 405 2891 cr.
429 2827 515 2891 Item
539 2825 665 2891 bedello
690 2823 815 2890 Thome
839 2829 973 2908 propter
996 2821 1202 2887 vocacionem
1226 2821 1329 2902 magi·
1375 2893 1441 2940 151⁷

140 2943 287 3002 strorum
309 2935 351 3000 ad
374 2941 561 3020 computum
586 2933 771 2999 faciendum
796 2938 814 2996 3
840 2955 884 2997 or.
908 2932 994 2997 Item
1018 2931 1052 2996 in
1076 2929 1160 2995 festo
1183 2927 1332 2994 Ladislai
1349 2958 1409 3022 jun.
1431 2923 1473 3009 2²7.

140 3040 414 3108 Predicatoribus
438 3041 514 3107 dedi
538 3045 560 3105 4
584 3041 641 3106 001.
665 3041 750 3106 Item
775 3037 912 3105 bedellis
938 3044 955 3102 7
980 3037 1029 3103 kr.
1053 3038 1139 3102 Item
1162 3058 1222 3122 pro
1251 3036 1331 3104 dun·

142 3151 207 3216 bus
232 3149 496 3216 iutimacionibus
522 3154 540 3214 2
566 3149 614 3216 kr.
638 3149 729 3231 Mag.
753 3147 916 3232 Georgius
933 3146 1110 3212 Panuificis
1128 3169 1167 3211 ex
1184 3145 1330 3214 Medricz
1444 3200 1449 3210 .

141 3260 222 3325 fecit
247 3259 428 3324 orationem
454 3260 557 3341 gratis
580 3259 613 3322 in
638 3258 793 3322 honorem
817 3257 923 3322 sancti
947 3255 1104 3320 Ladislai.
1274 3251 1277 3256 ’

252 3367 325 3451 Ego
349 3365 439 3450 Mag.
463 3365 611 3432 Joanues
635 3363 809 3431 Aurifabri
826 3365 1070 3446 Varasdieusis,
1087 3371 1240 3448 computo
1258 3387 1330 3448 per-

142 3481 229 3558 acto,
246 3475 364 3560 reliqui
381 3475 472 3559 Mag.
487 3473 699 3558 Wolffgango
715 3474 932 3557 Hcyligmair,
956 3495 1015 3558 pro
1040 3479 1119 3538 tunc
1144 3476 1330 3556 successori,

143 3589 164 3648 8
190 3584 262 3649 flor.
296 3584 512 3668 lingaricales
546 3585 580 3648 in
604 3604 686 3649 auro
709 3590 742 3648 01
768 3588 806 3648 11
832 3583 1001 3648 Renenses
1025 3582 1058 3646 in
1081 3581 1168 3647 bona
1192 3589 1331 3664 moneta,

142 3693 354 3778 presentibus
378 3691 498 3758 ibidem
530 3689 770 3758 venerabilibus
803 3697 837 3756 01
869 3691 1010 3774 egregiis
1042 3691 1209 3773 magistris
1241 3690 1332 3774 Mag.

139 3800 327 3866 Melcbiore
362 3799 458 3866 Chall
482 3799 719 3881 Cauchoriensi,
752 3799 842 3883 Mag.
877 3797 1030 3864 Oswaldo
1064 3796 1210 3880 Saumer,
1240 3798 1330 3882 Mag.

142 3911 279 3977 ,100000
302 3908 438 3990 Munk0,
463 3897 553 3991 Mag.
578 3907 755 3974 Cristanno
779 3905 1001 3974 Borbandino.
1021 3905 1147 3974 Actum
1163 3929 1247 3972 0000
1264 3906 1331 3970 Do·
1374 3956 1440 4002 1517

139 4018 224 4084 mini
251 4018 347 4098 1517,
370 4015 404 4080 in
421 4005 481 4082 'ue
505 4013 596 4082 000
620 4015 762 4081 abeatis.
1351 4021 1408 4076 m.
1424 3987 1466 4073 lb.

662 4161 743 4222 (1517
763 4159 811 4219 11.)

251 4259 324 4349 Ego
357 4263 456 4346 Mag.
489 4261 765 4347 Vuollgangus
798 4259 1035 4342 Heiligmair
1066 4261 1175 4344 recepi
1200 4281 1220 4324 a
1243 4259 1333 4343 Mag.

137 4373 166 4440 J
167 4373 297 4439 ohanne
313 4371 487 4438 Aurifabri
504 4393 663 4437 summam
679 4393 779 4455 supra
801 4371 956 4436 scribtam
980 4374 1050 4434 tam
1073 4368 1107 4432 in
1130 4388 1210 4431 auro
1235 4387 1333 4450 quam

137 4485 175 4548 10
201 4486 345 4559 monete,
369 4478 575 4564 presentibus
598 4477 720 4544 ibidem
744 4476 987 4544 venerabilibus
1010 4476 1087 4540 viris
1104 4480 1268 4559 utsupra.

254 4589 327 4672 Ego
359 4587 451 4672 Mag.
479 4587 710 4670 Vuolfgaugus
734 4586 941 4670 Heiligmair‚
965 4583 1211 4666 computacione
1236 4582 1335 4661 facta,

136 4697 262 4784 reliqui
287 4695 378 4778 blag.
401 4695 553 4764 Osbeldo
578 4694 715 4760 Saumer
740 4697 773 4760 in
797 4693 910 4760 ludula
933 4693 1076 4758 nacionis
1100 4691 1169 4756 flor.
1197 4695 1234 4754 ll
1261 4711 1334 4754 curn
