3324 5326
317 409 380 470 318

317 605 423 670 tiones
456 602 576 670 Oomar
607 604 717 686 magni
750 603 906 669 momenti
930 623 999 668 esse
1033 599 1203 670 dicebatur
1227 599 1270 667 ad
1294 597 1502 675 removendos

173 680 300 815 ,Jgill’g
318 713 461 779 hostium
493 714 650 779 incursus.
683 708 756 795 Quo
789 712 913 786 factum
946 717 1004 792 est,
1036 716 1074 776 ut
1109 714 1159 776 18.
1192 709 1353 794 praedicti
1385 706 1503 774 mensis

315 818 470 904 Augusti,
495 843 567 887 cum
599 843 666 886 nen
698 821 776 886 levis
799 820 896 886 timor
929 817 1168 888 Viennensibus
1199 819 1347 897 incussus
1380 817 1504 896 fuisset,

315 933 424 994 totum
446 931 628 996 Vienneuse
659 928 859 1012 praesidium
891 929 960 994 sine
991 950 1083 994 mora
1107 927 1274 994 Oanisium
1307 924 1502 1036 perductum

318 1038 426 1119 fuerit,
441 1045 475 1103 et
490 1039 568 1121 quia
591 1037 720 1102 Tur-cae
735 1036 845 1122 plures
862 1037 949 1102 coire
967 1058 1109 1121 coepere,
1124 1037 1246 1102 nostris
1270 1055 1401 1120 quoque
1418 1033 1503 1098 cirea

115 1177 118 1185 «
196 1131 274 1189 ¹⁵⁹¹*
319 1149 370 1211 23.
386 1141 588 1230 Septembris
611 1144 668 1210 alii
691 1143 825 1210 ducenti
847 1144 974 1229 pedites
991 1146 1024 1210 in
1041 1144 1222 1210 subsidium
1246 1143 1381 1209 fuerunt
1403 1140 1504 1206 missi.

172 1198 305 1333 miliari&
426 1257 477 1318 30.
501 1249 703 1336 Septembris
726 1273 904 1336 generosus
927 1251 1060 1320 Dema
1082 1251 1301 1331 Krcclrowitz,
1325 1253 1439 1314 orator
1462 1246 1506 1312 ad

174 1341 243 1408 sept.
264 1347 307 1394 ³⁰·
317 1361 556 1446 imperatorem
590 1359 774 1442 Turcicum,
807 1361 938 1428 Vienna
961 1361 1109 1428 discessit
1142 1382 1215 1425 cum
1238 1358 1449 1429 ornatissima
1472 1361 1506 1420 et

317 1469 547 1535 florentissima
579 1469 686 1554 turba,
718 1471 857 1556 navigiis
889 1472 1041 1555 quinque,
1073 1470 1215 1536 secundo
1249 1466 1411 1548 Danubio,
1435 1465 1506 1530 Un-

318 1579 444 1661 gariam
469 1584 503 1643 et
525 1577 601 1643 inde
625 1577 800 1644 Thraciam
824 1585 924 1663 atque
946 1579 1264 1664 Constantinopolim
1288 1577 1392 1661 petiit.

425 1687 541 1752 Mense
565 1683 703 1752 Octobri
736 1688 856 1754 iterum
881 1687 1010 1753 'Furcae
1033 1689 1067 1753 in
1090 1687 1295 1753 Sclaveniam
1327 1683 1438 1749 infesti
1462 1681 1507 1745 ir-

318 1799 457 1860 ruerunt
480 1799 513 1858 et
535 1793 626 1858 bidui
650 1793 766 1862 itinere
798 1795 970 1880 progressi,
1003 1796 1133 1880 impune
1166 1798 1355 1880 grassantes
1386 1789 1508 1856 multos

318 1899 523 1967 Christianos
557 1908 670 1986 captos
703 1901 920 1984 abduxerunt,
954 1924 1091 1986 quorum
1125 1909 1235 1968 tamen
1257 1901 1361 1966 maior
1384 1919 1462 1982 pars
1486 1919 1509 1961 a

317 2010 439 2074 nostris
463 2009 526 2096 fuit
548 2009 698 2076 liberata.

340 2110 345 2118 ’
425 2117 598 2184 Postremo
622 2119 824 2203 pecuniolam
848 2119 890 2185 ab
914 2119 1092 2186 intitulatis
1116 2123 1283 2202 acceptam
1316 2137 1388 2182 eum
1412 2137 1510 2198 prae-

319 2224 396 2290 fatis
420 2229 464 2289 46
488 2247 531 2290 cr.
555 2230 590 2290 et
613 2231 632 2290 2
657 2225 740 2292 albis
762 2228 904 2292 nummis
927 2233 961 2294 et
984 2227 1159 2293 matricula
1182 2226 1369 2306 successori,
1394 2223 1510 2290 claris·

319 2333 399 2396 simo
423 2331 688 2398 Dom.Ma1·tino
720 2333 852 2416 Isingio,
885 2335 1009 2400 medico
1034 2335 1168 2414 doctori,
1201 2333 1343 2404 fideliter
1374 2329 1511 2396 tradidi.

708 2440 836 2508 Virtuti
859 2463 966 2506 comes
988 2441 1118 2508 invidia.
1183 2505 1188 2522 ,

924 2551 1033 2634 Mag.
1056 2549 1191 2618 Vitus
1214 2547 1464 2616 Schiesser.

203 1671 279 1732 1591,

210 1740 263 1789 oct.

179 2703 243 2750 1591
265 2699 294 2748 11
429 2689 525 2760 Anno
543 2694 676 2760 Domini
693 2693 863 2776 MDXOI,
879 2695 913 2760 in
931 2697 1113 2762 mutatione
1136 2695 1288 2780 hyemali,
1303 2693 1399 2764 Dom.
1414 2691 1514 2776 Mag.

322 2803 402 2873 Vite
427 2800 593 2869 Schiesser
610 2805 765 2869 successit
780 2809 973 2889 procurator
997 2803 1210 2888 Hungaricae
1234 2797 1512 2884 nationisfclaris-

320 2911 421 2978 simus
444 2910 558 2976 Dom.
582 2911 815 2977 Martinus
848 2911 1065 2998 Isingius,
1089 2910 1270 2978 medicinae
1303 2911 1425 2991 doctor,
1450 2910 1512 2974 sed

319 3018 398 3100 quid
422 3019 483 3086 sub
507 3019 577 3084 eius
609 3021 838 3102 procuratione
861 3028 972 3086 actum
1006 3020 1057 3104 sit,
1083 3019 1164 3086 nihil
1194 3020 1336 3086 habetur
1370 3025 1512 3103 propter

320 3127 524 3210 inopinatum
541 3128 610 3192 eius
626 3128 801 3192 decessum.
818 3126 887 3195 Sub
904 3130 973 3194 eius
984 3135 1093 3194 tamen
1103 3129 1384 3194 administratione
1393 3128 1513 3192 matri·

321 3232 414 3298 culae
430 3233 572 3298 nationis
588 3235 765 3318 inscriptus
782 3257 882 3319 supra
898 3232 1234 3320 fol.1311)invenitur
1249 3235 1344 3302 Dom.
1360 3235 1386 3302 J
1386 3257 1513 3300 oannes

321 3339 472 3407 Leander
496 3341 655 3407 Nissenus
680 3339 824 3424 Silesius,
841 3343 1064 3427 philosophiae
1085 3350 1118 3408 et
1134 3344 1313 3410 medicinae
1337 3344 1463 3409 doctor.

191 3477 261 3524 1592
281 3474 295 3523 Ι
434 3463 530 3532 Anno
553 3467 685 3533 Domini
708 3467 900 3548 MDXOII,
917 3469 950 3533 in
966 3471 1148 3534 mutatione
1169 3469 1327 3550 aestivali,
1343 3475 1380 3534 ut
1396 3469 1512 3534 videre

321 3581 372 3642 est
388 3597 488 3659 supra
504 3576 557 3640 fol.
576 3580 638 3640 131
651 3571 690 3659 ⁹),
708 3576 830 3642 electus
847 3577 912 3641 fnit
929 3577 963 3641 in
980 3583 1224 3661 procuratorem
1250 3577 1347 3642 huius
1364 3578 1513 3642 nationis

321 3683 518 3749 clarissimus
528 3683 632 3748 Dom.
646 3682 680 3749 A
690 3683 854 3748 ndreae
870 3683 904 3750 N
914 3685 924 3748 i
936 3686 1036 3766 grin
1047 3707 1068 3748 u
1078 3707 1102 3768 s,
1109 3685 1193 3769 juris
1204 3686 1374 3767 utriusque
1385 3683 1513 3764 doctor,

321 3793 379 3858 sed
411 3792 502 3858 nulla
533 3793 602 3857 eius
635 3799 751 3859 extant
783 3799 858 3858 acta
881 3792 931 3858 vel
954 3795 1108 3860 rationes.
1139 3791 1206 3877 Qui
1232 3793 1298 3859 sub
1331 3794 1402 3858 eius
1433 3814 1514 3876 pro-

321 3902 490 3966 curatione
523 3901 655 3965 nomina
687 3923 746 3966 sua
769 3902 801 3966 in
834 3903 1041 3967 matriculam
1075 3901 1160 3968 hanc
1192 3902 1309 3966 referri
1341 3909 1512 3983 curarunt,

321 4029 421 4092 supra
444 4009 498 4072 fol.
524 4008 625 4092 131³)
650 4010 801 4074 invenies.

177 4110 246 4230 342²
256 4105 298 4227 1¹31·
428 4129 524 4202 Anno
541 4158 561 4200 a
577 4135 725 4218 Virginis
748 4139 847 4220 partu
870 4133 1059 4220 MDXGII,
1085 4141 1139 4203 13.
1162 4135 1324 4220 Octobris,
1348 4159 1433 4220 quae
1458 4143 1512 4204 est

321 4248 434 4310 saneto
457 4242 655 4309 Oolomanno
678 4243 819 4326 martyri
835 4265 938 4325 sacra,
955 4244 1077 4310 electus
1093 4267 1163 4310 sum
1180 4267 1239 4328 ego
1255 4245 1336 4312 Bal
1347 4253 1361 4310 t
1371 4247 1393 4310 h
1403 4269 1423 4311 a
1433 4269 1451 4312 z
1462 4269 1512 4312 ar

322 4349 565 4415 Scultetus
597 4349 1005 4418 Wratislaviensis
1038 4351 1246 4435 Silesius,
1277 4359 1511 4420 sacrosanctae

338 4474 537 4485 -Ἃ

432 4530 451 4590 ¹)
471 4531 503 4580 n.
522 4525 641 4581 ftutebb
662 4535 722 4582 305.
742 4527 760 4581 l.

430 4603 454 4663 ¹)
472 4597 586 4652 ezincen
604 4597 721 4654 fantebb
742 4607 802 4653 305.
822 4599 840 4653 l.

431 4673 452 4738 ³)
470 4676 502 4724 L.
522 4669 639 4726 fontebb
659 4681 720 4728 305.
740 4673 758 4727 l.
