3330 5324
1269 429 1331 502 tet

151 625 156 634 ’
258 625 361 700 Nona
381 635 433 702 die
457 633 584 720 Aprilis
608 641 786 702 convocate
803 641 853 701 est
876 635 1086 718 congregatio
1110 625 1251 717 inclytae
1275 654 1331 698 na·
1361 679 1377 730 ά

147 744 258 809 tionis.
280 743 512 810 Interfnerunt
533 737 666 828 ¹praeter
698 737 944 828 procuratorem
977 743 1096 808 nobilis
1120 749 1153 807 et
1167 735 1334 808 'excolen-

149 847 296 919 tiesimus
312 853 362 918 vir
377 851 474 919 Dom.
490 850 663 920 (lutfridus
678 851 915 938 Haclrlperger,
934 852 1050 918 doctor
1074 851 1227 933 medicus,
1244 849 1334 933 Mag.

146 952 436 1027 Petrus'Belecius
453 966 488 1026 et
502 961 593 1044 Mag.
604 961 630 1026 J
631 957 783 1045 oannes¹)
799 959 825 1026 J
826 960 988 1044 cebering
1004 959 1100 1026 ambo
1126 982 1143 1025 e
1169 957 1333 1026 Societate

146 1067 240 1152 Jesu,
264 1069 382 1153 quibus
402 1069 551 1153 legitime
576 1069 887 1154 congregatis-haec
909 1069 1086 1134 constituta
1108 1073 1203 1133 sunt:
1280 1093 1281 1096 ¹

260 1182 292 1242 1⁰
314 1175 469 1244 Dandam
492 1199 562 1245 esse
585 1178 682 1245 Dom.
705 1178 911 1264 procuratori
936 1197 1076 1262 oporam,
1099 1181 1137 1242 ut
1160 1177 1254 1240 iuxta
1277 1172 1333 1242 dess

147 1291 273 1352 cretum
295 1287 520 1352 universitatis
543 1309 637 1353 nemo
657 1285 837 1371 privilegiis
862 1286 1056 1352 academicis
1073 1285 1224 1370 gaudeat,
1240 1287 1332 1352 cuius

146 1417 265 1460 nomen
288 1397 322 1461 in
346 1395 458 1462 album
481 1396 624 1462 nationis
650 1395 792 1461 relatum
816 1417 880 1462 non
912 1389 1022 1476 fuerit,
1047 1413 1085 1460 ac
1108 1395 1244 1478 proinde
1269 1415 1333 1479 quo

1378 613 1455 672 leat,

1378 695 1419 746 pr.
1440 686 1464 732 9.

147 1508 295 1588 tempore
318 1505 369 1570 uel
392 1503 431 1570 fit
447 1504 606 1596 depositio
623 1504 672 1570 vel
688 1506 793 1572 instat
808 1506 969 1590 promotio
987 1503 1030 1568 ad
1046 1503 1177 1588 gradus,
1194 1505 1332 1570 maxime
1418 1569 1420 1574 .

152 1611 311 1694 advigilat
333 1611 429 1678 Dom.
451 1619 655 1698 procurator,
670 1619 709 1679 ut
732 1633 796 1696 eos,
813 1615 870 1698 qui
886 1607 1021 1680 inscribi
1045 1612 1193 1695 debeant,
1217 1613 1332 1678 inscri-

144 1719 214 1802 bat,
237 1721 337 1804 idque
355 1717 561 1788 non'omnino
577 1721 690 1806 gratie,
707 1726 864 1806 quantum
881 1720 1055 1788 urbanitas
1071 1727 1105 1788 et
1120 1741 1331 1806 personarum

146 1829 290 1894 conditio
314 1831 450 1914 patitur.

255 1943 291 2004 2⁰
314 1935 553 2030 Inquirendum
577 1937 617 2004 de
640 1937 813 2024 stipendiis
846 1939 989 2004 nationis
1022 1945 1154 2005 nostrae
1178 1961 1217 2005 ac
1240 1960 1331 2023 prae-

146 2043 259 2110 sertim
284 2045 325 2110 de
345 2045 445 2110 bursa
464 2044 635 2127 Silesitica,
654 2053 692 2112 ut
711 2054 872 2130 quantum
892 2049 978 2112 ratio
997 2053 1031 2112 ct
1049 2049 1199 2130 aequitas
1223 2049 1332 2132 exigit,
1406 2057 1409 2063 '

145 2159 280 2218 nostrae
302 2155 444 2219 nationis
467 2154 621 2220 studiosis
645 2155 756 2221 debita
780 2157 944 2240 stipendia
967 2155 1182 2242 applicentur.

258 2267 293 2326 3⁰
316 2259 409 2346 Quae
433 2263 476 2328 ad
499 2263 655 2328 bonorem
675 2269 708 2329 et
726 2263 987 2330 recordationem
1006 2265 1150 2330 nationis
1172 2270 1331 2358 spectant,

144 2391 184 2436 ea
209 2371 383 2455 diligenter
415 2372 498 2438 actis
531 2371 728 2454 inserantur,
761 2371 821 2438 etsi
855 2373 937 2438 alias
969 2373 1066 2456 vulgo
1099 2373 1188 2438 haud
1219 2375 1330 2457 magni

143 2481 302 2544 momenti
326 2501 395 2546 esse
419 2479 603 2546 videantur.
636 2479 791 2564 Exempli
825 2503 925 2547 causa
957 2487 1116 2548 notentur
1140 2503 1250 2547 eorum
1274 2503 1330 2548 no-

143 2587 241 2670 mina,
265 2588 322 2671 qui
346 2587 468 2671 gradus
487 2587 688 2654 academicos
704 2589 900 2674 suscipiunt,
918 2590 974 2674 qui
997 2590 1081 2656 fiunt
1103 2590 1254 2676 praelati,
1274 2593 1331 2674 qui

144 2694 304 2762 officiales
328 2695 482 2762 Caesarei
509 2703 578 2780 etc,
601 2697 682 2761 item
705 2698 761 2780 qui
795 2719 835 2763 ex
857 2697 920 2764 bac
942 2699 1010 2764 vita
1043 2697 1212 2764 decedunt.
1236 2697 1330 2782 Quae

142 2826 221 2869 vero
244 2806 377 2888 negotia
400 2803 533 2889 publica
556 2806 725 2889 attingunt
754 2811 813 2871 aut
846 2807 1011 2890 generalia
1044 2813 1120 2872 acta
1144 2808 1330 2874 academiae

142 2920 204 2978 aut
227 2915 362 2996 negotia
385 2913 553 2997 quaelibet
575 2915 686 2998 magni
711 2916 876 2998 momenti,
900 2937 939 2980 ea
961 2937 1028 2981 non
1050 2917 1141 3001 prius
1163 2917 1198 2982 in
1221 2921 1330 3001 proto·

143 3020 264 3087 collum
290 3021 486 3104 referantur,
508 3023 572 3088 nisi
593 3023 680 3088 lecta
699 3021 824 3088 fuerint
846 3024 879 3088 in
903 3025 975 3108 ipsa
998 3025 1250 3109 congregatione
1273 3031 1332 3090 aut

143 3131 332 3215 approbata
354 3131 396 3197 ab
422 3132 472 3214 iis,
496 3153 577 3216 quos
599 3132 670 3217 ipsa
693 3131 911 3217 deputaverit.
1210 3128 1212 3134 ’

252 3243 289 3304 4⁰
312 3238 429 3308 Videri
454 3239 616 3324 expedire,
648 3247 687 3305 ut
720 3242 841 3324 singuli
872 3249 1104 3326 procuratores
1137 3243 1179 3308 ad
1202 3245 1331 3310 initium

140 3369 223 3413 suae
246 3348 487 3432 procurationis
511 3355 705 3414 conventum
729 3351 870 3415 nationis
889 3351 1012 3418 indicat
1034 3373 1137 3438 eaque
1160 3359 1331 3438 proponat,

145 3477 233 3539 quae
257 3455 434 3540 profutura
455 3455 619 3540 judicabit
642 3478 681 3524 ac
703 3459 738 3524 in
761 3459 877 3543 primis
901 3465 976 3526 acta
1009 3462 1235 3544 praecedentis
1259 3484 1333 3548 pro-

142 3565 309 3630 curatoris
330 3563 472 3648 legenda
495 3571 596 3632 curet.

257 3673 310 3739 Ex
320 3674 443 3757 inclyta
461 3676 596 3741 natione
616 3675 954 3761 Hungarioapraeter
972 3677 1196 3764 philosophiae
1215 3678 1331 3746 bacca·
1461 3685 1463 3690 '

141 3781 276 3848 laureos
298 3783 397 3866 paulo
407 3789 485 3848 ante
495 3785 683 3874 recensitos,
694 3785 833 3867 gradum
852 3786 1045 3854 doctoratus
1068 3789 1241 3872 utriusque
1248 3788 1333 3872 juris

142 3911 217 3956 cum
251 3889 375 3968 bonore
408 3891 520 3976 adepti
554 3899 630 3958 sunt
663 3893 788 3959 nobiles
821 3899 855 3960 et
887 3895 1058 3962 clarissimi
1091 3896 1214 3962 domini
1238 3898 1333 3964 Dom.

142 3995 297 4064 Andreas
320 3994 418 4080 (recte
441 3997 620 4084 Georgius)
640 4000 808 4068 Lockerus
825 4001 962 4070 Silesius
986 4002 1156 4076 Glccensis
1180 4014 1214 4072 et
1237 4007 1333 4073 Dom-

142 4105 310 4172 Henricus
332 4104 358 4171 J
360 4129 482 4176 oannes
501 4105 649 4176 Strasser
668 4109 811 4177 Botmus
833 4111 1053 4194 Budvicensis,
1077 4115 1134 4198 qui
1158 4137 1244 4180 anno
1267 4115 1332 4182 Do·
1364 4165 1370 4176 .

141 4215 223 4279 mini
250 4219 344 4298 1624,
366 4216 400 4281 in
424 4217 509 4284 festo
533 4220 639 4312 sancti
667 4218 824 4300 Ladislai,
857 4222 968 4304 paucis
1002 4220 1115 4288 diebus
1134 4228 1216 4288 ante
1239 4245 1332 4307 prae·

142 4324 297 4406 monitus,
322 4327 503 4392 orationem
533 4327 661 4412 publice
695 4349 768 4393 cum
800 4327 900 4394 laude
934 4329 1058 4410 habuit,
1092 4338 1126 4396 et
1159 4353 1230 4397 cum
1255 4339 1333 4398 tunc

140 4430 281 4496 inscribi
305 4432 466 4516 debuerit,
489 4436 607 4500 merito
629 4435 698 4518 jam
722 4457 781 4519 pro
804 4437 961 4521 inscripto
984 4438 1155 4506 habeatur.

255 4701 274 4765 ¹)
293 4675 397 4754 Olvasd
421 4699 539 4756 ibamus
559 4705 595 4766 (v.
615 4707 639 4755 ὃ.
660 4700 776 4757 fontem
797 4711 857 4758 358.
878 4703 1008 4774 tto-lap).

1381 4097 1458 4157 rosc,

1358 4165 1418 4230 Jdn.
1434 4171 1476 4216 27.
