3296 5328
1294 421 1334 479 37

260 615 350 699 Mag.
366 613 476 680 Adam
502 613 699 682 Cherrrneter
723 615 763 679 de
788 613 966 698 Olomucio,
992 615 1194 682 decretorum
1215 616 1337 693 docter,

151 726 326 791 curionicus
349 723 584 804 Olomucensis,
608 724 699 790 dedit
724 729 764 790 32
795 723 898 808 den¹)

259 865 329 940 Sub
352 873 544 958 procuraeia
568 871 657 956 Mag.
674 871 854 955 Augustini
871 871 986 938 Haslro
1011 873 1051 938 de
1073 873 1209 940 Brunna
1224 869 1342 940 intituss
1377 869 1478 920 1⁴⁷91

150 981 236 1044 latus
261 987 329 1045 est:

258 1087 467 1154 Venerabilis
500 1093 532 1154 et
565 1090 714 1172 egregius
749 1091 804 1170 vir,
838 1089 961 1154 arcium
995 1095 1027 1154 ct
1054 1111 1145 1155 sacre
1169 1089 1332 1174 theologie

148 1197 321 1278 professor,
346 1197 435 1280 Mag.
452 1198 643 1262 Anthemius
667 1197 798 1280 Pugner
822 1199 862 1264 de
882 1199 1019 1280 (lerona,
1038 1198 1196 1284 plebanus
1213 1201 1246 1265 in
1261 1197 1334 1264 Ma-

147 1303 341 1385 gnohorreo,
366 1308 461 1384 1479,
488 1305 578 1370 dedit
603 1310 644 1371 30
669 1305 740 1372 den.

260 1441 330 1513 Sub
355 1451 545 1532 procuracia
569 1453 702 1534 propria
725 1453 912 1517 intitulatus
936 1459 1001 1538 est:
1375 1447 1476 1496 ΜΘΗ

255 1556 346 1638 hiag.
363 1557 531 1624 Martinus
555 1557 708 1624 Prnunar
732 1582 771 1625 ex
795 1557 1006 1638 Rackndarff,
1030 1559 1219 1625 licenciatus
1243 1581 1332 1623 sacre

145 1663 320 1746 theologie,
345 1687 431 1730 anno
460 1671 553 1748 1488,
578 1667 733 1750 deditque
759 1671 777 1732 3
803 1690 850 1746 gr.

256 1806 343 1874 1496
367 1810 514 1875 kalendis
539 1811 740 1890 Decembris,
763 1812 947 1876 honorabili
971 1811 1061 1895 Mag.
1079 1811 1228 1924 Sarrgtio
1246 1811 1331 1876 Beer
1362 1805 1480 1930 {2¹33

144 1917 326 1984 Coronenei
350 1923 413 1983 ete.
437 1921 658 2002 procuratoris
683 1919 788 1983 offitio
812 1919 976 2000 fungente,
996 1921 1172 2006 inscriptus
1193 1927 1241 1984 est
1258 1919 1334 1984 huic
1400 1915 1407 1930 '
1469 1955 1472 1967 ·

144 2026 336 2092 matricula:
396 2027 397 2034 '

253 2135 427 2201 Excellens
448 2137 532 2220 juris
557 2138 727 2220 utriusque
752 2144 785 2201 et
809 2139 929 2202 artium
948 2137 1061 2200 doctor
1081 2136 1175 2201 Dom.
1191 2137 1334 2202 Bartho-

144 2240 271 2306 lomeus
287 2241 484 2308 Hodkonius
500 2243 763 2323 hlodrussiensis,
787 2244 981 2309 serenissimi
1002 2243 1097 2307 Dom.
1113 2244 1332 2310 Maximiliaui

143 2349 254 2430 primi,
270 2347 371 2414 incliti
389 2350 613 2415 Romanorum
638 2350 726 2430 regis
743 2357 811 2430 eto,
829 2355 959 2414 senator
985 2356 1018 2413 et
1045 2351 1141 2416 huius
1174 2352 1333 2435 gymnasii

141 2458 178 2520 in
199 2458 274 2538 jure
298 2459 464 2542 pontificio
488 2460 681 2540 ordinarius,
711 2459 792 2524 alias
821 2465 931 2524 autern
957 2460 1213 2524 reverendissimi
1238 2459 1332 2525 Dom.

141 2565 294 2632 Ladislai
333 2563 453 2647 Gereb,
487 2566 694 2632 Transilvani
729 2569 869 2651 episcopi
904 2568 1093 2650 dignissimi,
1127 2569 1267 2632 vicarius
1300 2567 1332 2632 in

142 2675 373 2758 spiritualibus
413 2677 573 2758 generalis
606 2681 675 2756 etc,
701 2675 856 2758 deditque
880 2697 938 2759 pro
972 2675 1078 2740 salute
1111 2681 1145 2740 et
1177 2677 1332 2740 memoria

142 2807 203 2848 sua
228 2783 367 2850 mediam
392 2784 510 2849 libram
534 2784 753 2850 denariorum.

255 2921 324 2992 Sub
349 2930 539 3012 procuraeia
563 2929 652 3010 Mag.
677 2927 813 3010 (leorgii
829 2925 965 2992 Mandel
985 2929 1194 2994 Posoniensis
1218 2929 1332 2992 intitu-

139 3037 234 3101 latus
259 3044 324 3101 est:

252 3143 415 3229 Egregius
437 3145 520 3226 juris
545 3144 701 3229 pontificii
723 3143 848 3209 Ductor
874 3143 1106 3210 Weuczeslaus
1132 3141 1264 3208 Mandel
1290 3143 1330 3206 de

141 3249 322 3332 Wudweis,
355 3261 432 3317 tuuc
465 3253 620 3336 temporis
654 3258 762 3317 rector
801 3251 885 3316 alme
926 3253 1149 3318 universitatis
1188 3253 1330 3316 existens

139 3379 230 3422 anno
255 3365 307 3440 98,
331 3361 421 3425 dedit
445 3364 487 3425 24
512 3361 583 3426 den.

255 3495 325 3569 Sub
350 3505 542 3586 procuracia
566 3503 657 3586 Mag.
674 3501 808 3588 Georgii
832 3504 966 3570 Mandel
991 3503 1031 3569 de
1056 3503 1199 3568 Posouio
1218 3505 1330 3568 intitu-

138 3612 232 3675 latus
257 3617 324 3676 est:

253 3715 349 3784 Dom.
364 3719 509 3786 Michael
534 3719 692 3800 Vitezins,
716 3721 965 3786 archidiaconus
989 3719 1168 3786 Wudensie
1185 3727 1219 3783 et
1245 3721 1330 3784 sacri

134 3828 224 3910 juris
250 3828 406 3910 pontificii
431 3828 545 3894 doctor
571 3829 715 3910 eximius,
740 3831 796 3912 qui
820 3851 879 3912 pro
903 3851 962 3894 sua
985 3829 1191 3894 humanitate
1216 3833 1248 3892 et
1280 3851 1330 3891 sa-

137 3936 211 4000 lute
236 3937 343 4000 anime
367 3937 456 4002 dedit
483 3943 522 4002 12
548 3959 591 4002 cr.
615 3959 701 4002 armo
727 3941 822 4002 1498.

253 4073 440 4145 Venerabili
476 4079 569 4164 Mag.
610 4079 823 4164 Oristophoro
864 4080 989 4164 Abyczl
1033 4103 1072 4146 ex
1113 4078 1327 4145 Wolt're‘tmicz
1357 4106 1473 4156 151011

137 4187 373 4270 procuratoris·
390 4187 495 4252 offitio
518 4187 683 4270 fungente,
707 4189 884 4271 inscriptus
908 4193 958 4252 est
982 4189 1058 4253 huie
1086 4189 1272 4253 matricule:

253 4292 425 4358 Excellens
449 4293 618 4377 utriusque
639 4295 723 4378 juris
738 4299 773 4360 et·
789 4296 911 4360 artium
928 4293 1053 4359 Ductor
1069 4293 1164 4358 Dom.
1181 4292 1206 4357 J
1208 4317 1327 4360 oannes

136 4401 280 4484 Angrer
304 4423 343 4464 ex
359 4401 533 4484 Budweys,
550 4401 662 4468 inclite
679 4401 845 4467 facultatis
858 4403 998 4484 juridice
1014 4401 1115 4466 166111·
1135 4401 1329 4484 ordinarius,

136 4515 171 4572 et
198 4505 291 4572 dedit
316 4511 356 4570 10
382 4531 425 4574 61.
442 4531 526 4574 auno
546 4513 642 4574 1510.

139 4630 354 4644 —e-——n

254 4689 272 4747 ¹)
292 4683 384 4736 Eldhh
401 4702 429 4738 ez
449 4683 532 4739 rillott
551 4685 604 4738 itt:
625 4695 639 4740 9
660 4688 707 4741 sol.
728 4686 789 4740 den.
