3324 5326
1251 433 1315 498 259

234 635 321 702 Item
343 634 454 702 eodem
470 657 554 702 anno
570 655 635 718 quo
651 653 761 720 supra,
788 624 879 717 [die],
905 655 968 717 qne
995 633 1058 699 fuit
1083 638 1176 698 sexta
1199 623 1314 699 kalen·
1364 630 1440 688 1⁵⁰4=
1515 691 1518 703 ,

120 743 186 810 das
209 745 236 812 J
237 745 305 828 ulii,
328 747 363 812 iu
386 747 484 828 plena
507 745 652 811 nacionis
668 743 932 827 congregacione,
951 743 1009 808 nbi
1023 742 1070 808 hii
1086 764 1197 810 omnes
1213 742 1315 807 inter-

121 852 217 919 fuere
256 853 459 920 venerabiles
497 853 649 936 magistri
683 835 718 918 et
749 852 910 934 doctores,
943 851 1092 917 videlicet
1124 858 1317 936 procurator

120 963 272 1028 nacionis
306 961 502 1028 venerabilis
535 963 586 1027 vir
618 961 709 1045 Mag.
742 960 768 1026 J
769 951 890 1026 oannes
914 958 1144 1026 Stubenrauch
1169 959 1316 1025 Cremni-

1332 695 1392 760 jim.
1417 703 1461 750 28.

122 1070 254 1152 ciensis,
279 1071 415 1136 eximius
438 1069 534 1136 Dom.
559 1069 695 1150 Denter,
719 1068 846 1135 Doctor
869 1067 1035 1152 Georgius
1060 1067 1197 1134 Mandel
1216 1068 1317 1133 Poso-

121 1179 258 1260 niensis,
282 1176 377 1244 Dom.
400 1177 608 1274 Licenoiatus
641 1199 735 1244 sacre
767 1178 928 1261 theologie
960 1177 1051 1261 Mag.
1089 1173 1253 1259 Georgius
1278 1177 1317 1242 de

122 1281 252 1353 Sancta
289 1286 399 1370 Anna,
437 1287 633 1354 venerabilis
666 1287 757 1370 Mag.
790 1285 816 1352 J
818 1284 937 1352 odocus
970 1308 1011 1351 ex
1042 1285 1143 1369 Egra,
1166 1285 1316 1368 egregius

119 1393 174 1457 vir
198 1393 290 1478 Mag.
313 1394 466 1462 Andreas
490 1397 651 1481 Meyxner
675 1394 952 1476 Grcmnicziensis,
984 1393 1074 1475 Mag.
1091 1393 1218 1476 (iaspar
1241 1392 1317 1458 Fri·

120 1500 258 1585 burger,
287 1503 378 1588 Mag.
403 1501 567 1588 Georgius
590 1504 630 1570 de
654 1503 857 1588 Waschapu,
880 1503 972 1585 Mag.
996 1501 1163 1569 Steffanus
1188 1500 1229 1564 do
1253 1497 1316 1564 Go-

122 1607 286 1676 loschwar
309 1617 343 1677 et
365 1611 456 1697 Mag.
480 1612 505 1678 J
507 1633 627 1678 oannes
652 1611 693 1677 de
718 1609 852 1692 Titulio,
876 1611 936 1676 hcc
953 1633 1011 1696 per
1027 1609 1191 1694 prefatam
1208 1607 1316 1672 nacio-

121 1739 200 1784 nem
225 1719 379 1786 conclusa
401 1726 496 1786 sunt:

233 1826 346 1892 Primo
362 1835 482 1893 utnon
497 1833 652 1912 parentes
669 1827 833 1894 mandatis
853 1833 1106 1911 procuratorum
1129 1825 1229 1892 licitis
1255 1843 1313 1907 ρετ

123 1933 267 2000 eundem
291 1937 471 2020 puniantur
494 1937 588 2002 iuxta
611 1940 812 2002 statutorum
837 1941 984 2001 tenorem
1008 1935 1164 2015 nacionis
1195 1931 1316 1998 adhoc
1386 1979 1387 1983 ,

122 2043 276 2113 invocato
290 2044 412 2110 domini
428 2046 580 2111 Rectoris
596 2050 630 2110 ct
646 2044 839 2111 Consistorii
854 2043 904 2109 sui
920 2043 1050 2124 auxilio,
1066 2043 1093 2108 si
1110 2063 1191 2125 opus
1207 2041 1315 2106 fuerit.

234 2153 281 2218 Ut
305 2151 492 2219 differentes
515 2153 776 2218 intitulacionem
792 2153 973 2237 puniantur
989 2172 1047 2234 ρετ
1062 2155 1190 2214 statuta
1205 2150 1316 2214 nacio-

119 2261 173 2324 nis
197 2266 231 2326 et
254 2261 289 2324 in
312 2260 527 2328 facultatibus
549 2266 664 2327 contra
679 2282 734 2326 eos
750 2260 833 2325 illud
849 2263 1061 2343 proponatur,
1076 2264 1115 2322 ut
1131 2257 1192 2323 sub
1208 2264 1314 2323 retar-

120 2367 271 2433 dacionis
295 2389 378 2452 pena
400 2389 464 2434 non
490 2370 718 2450 admittantur,
742 2368 832 2434 facto
852 2373 962 2432 tamen
982 2367 1075 2450 prius
1099 2367 1239 2431 articulo
1256 2387 1315 2449 per

122 2476 281 2542 decanum
306 2477 443 2560 singulis
468 2478 653 2562 suppositis,
676 2482 714 2541 ut
737 2477 957 2542 intitulentur.

232 2585 449 2670 Preciumque
466 2585 997 2668 intitulandorumaugmentatum
1007 2588 1057 2648 est
1067 2604 1125 2668 ρετ
1136 2583 1313 2660 necionem,

124 2694 173 2757 ita
198 2699 309 2758 tamen
332 2693 420 2778 quod
443 2693 580 2760 scolaris
604 2695 660 2759 det
685 2699 704 2758 2
729 2715 782 2776 cr,
805 2693 1012 2758 baccalarius
1034 2695 1056 2756 4
1081 2713 1134 2772 ετ.,
1157 2690 1315 2771 magister

124 2807 143 2864 8
168 2824 224 2882 ετ.,
247 2802 364 2868 nobilis
389 2807 431 2867 60
456 2803 546 2882 den.;
571 2802 696 2868 doctori
721 2802 918 2886 relinquitur
941 2801 1124 2866 liberalitas
1148 2801 1269 2864 innata.

231 2911 284 2976 Ex
307 2917 401 2994 parte
425 2912 572 2977 nacionis
596 2911 792 2992 conclusum,
810 2911 898 2994 quod
917 2909 1012 2974 Dom.
1028 2912 1222 2994 procurator
1239 2928 1312 2990 pro·
1331 2898 1379 2952 fol.
1401 2907 1467 2952 ¹¹0¹

121 3027 202 3084 tunc
236 3041 309 3084 cum
342 3025 434 3085 carto
450 3089 454 3097 ,
468 3020 594 3084 seniore
627 3023 721 3102 petat
754 3017 957 3100 facultatem,
980 3003 1017 3082 ut
1050 3039 1114 3081 non
1139 3020 1315 3098 spernatur

120 3127 217 3192 nacio
250 3128 284 3191 in
317 3125 496 3210 deligendis
529 3127 809 3192 examinatoribus
833 3132 891 3190 aut
915 3124 1148 3206 tentatoribus,
1172 3145 1213 3188 ne
1237 3143 1315 3205 qua-

119 3235 228 3318 driga,
253 3241 327 3300 rota
350 3257 415 3300 una
439 3235 567 3315 amissa,
592 3235 661 3300 sine
685 3235 743 3300 illa
767 3240 851 3300 ruat.

643 3480 725 3540 (1504
744 3480 793 3538 11.)

231 3604 1314 3694 EgoMag.MichaeldePremarthonprenominatasresac·

120 3717 194 3802 cepi
204 3739 225 3781 a
235 3716 326 3801 Mag.
336 3717 491 3783 Johanne
509 3714 740 3782 Stubonrauch
756 3737 866 3781 coram
884 3715 1125 3781 venerabilibus
1141 3715 1315 3797 Magistris

119 3823 255 3890 Judoco
272 3847 312 3890 cx
330 3826 431 3910 Egra,
458 3823 602 3906 Georgio
625 3825 797 3891 licenciato
822 3822 861 3888 de
886 3821 1010 3888 Sancta
1033 3820 1143 3904 Anna,
1167 3821 1314 3907 Gaspare

119 3932 337 4016 Fridberger,
362 3931 527 4017 Stephano
551 3933 591 3998 de
616 3931 852 3998 Transilvania.
876 3931 996 3997 (loram
1015 3932 1154 4014 egregiis
1171 3937 1204 3996 et
1219 3953 1315 3997 vene-

120 4039 284 4107 rabilibus
295 4040 467 4125 Magistris
483 4041 578 4106 Dom.
595 4038 740 4124 Georgio
757 4041 927 4106 licenciato
939 4040 979 4106 de
990 4037 1113 4104 Sancta
1124 4037 1232 4120 Anna,
1244 4036 1315 4104 Ste-

119 4149 232 4231 phano
249 4147 289 4213 de
306 4148 544 4230 Transilvania,
568 4148 593 4214 J
595 4149 723 4214 ohanne
739 4147 935 4230 Paneciano,
958 4145 1114 4212 Jobanne
1130 4145 1314 4228 Tituliensi,

120 4257 305 4323 Francisco
323 4256 454 4323 Farkas
470 4255 510 4322 dc
527 4256 638 4336 Pesth,
662 4254 842 4320 Melchiore
868 4277 907 4320 cx
931 4253 1096 4336 Oassovia,
1119 4255 1248 4320 Isidoro
1273 4253 1313 4320 de

119 4365 282 4432 Hozthun
308 4365 385 4430 dedi
408 4367 443 4430 in
467 4387 583 4431 manus
606 4365 800 4430 successoris
824 4365 886 4428 mei
903 4363 994 4447 Mag.
1010 4362 1130 4430 Jacobi
1147 4363 1185 4426 de
1202 4361 1314 4427 Colos-

120 4495 202 4557 war,
227 4475 451 4558 procuratoris
474 4475 656 4556 Hungarie‚
680 4472 749 4538 flor.
772 4472 1015 4554 Hungaricales
1039 4473 1073 4537 in
1095 4474 1213 4537 anrod
1236 4470 1315 4536 iusti

119 4583 248 4648 otveri
271 4581 425 4665 ponderis
449 4588 482 4646 et
508 4586 572 4645 170
589 4581 660 4646 den.
676 4579 926 4663 Hungaricales,
953 4601 1025 4644 cum
1042 4579 1171 4644 duabus
1194 4579 1312 4644 ladulis
1362 4601 1438 4658 1505,

118 4698 152 4759 et
176 4689 274 4756 libris
300 4690 416 4772 tribus,
439 4691 473 4753 in
497 4690 548 4754 dic
572 4692 677 4755 sancti
702 4690 880 4772 Pangracii
904 4711 988 4754 anno
1012 4688 1146 4754 Domini
1174 4692 1268 4752 1505.
1333 4668 1399 4730 nraj.
1415 4675 1455 4718 ¹²·

1157 4811 1204 4863 ιτ*
