3334 5322
191 1178 268 1236 1411,

172 1241 230 1298 okt.
245 1251 286 1297 18.

193 3273 271 3330 1477,

173 3340 232 3407 uipr.
249 3345 289 3392 14.

306 349 369 416 138

307 551 325 612 6
350 548 407 613 sol.
422 548 502 630 (1011,
518 548 662 614 ladulam
686 571 759 614 cum
783 547 891 616 tribus
914 547 1016 632 libris,
1033 547 1188 616 candelas
1211 549 1350 615 maiores
1374 554 1408 614 et
1430 549 1489 614 mi-

304 677 401 721 nores
426 678 500 722 cum
523 656 653 723 duabus
678 655 832 738 clavibus,
857 655 1065 741 presentibus
1089 656 1267 722 venerabili
1292 663 1326 722 et
1348 657 1491 724 honora-

305 763 426 830 bilibus
449 764 526 830 viris
549 764 639 847 Mag.
655 764 795 830 Nicolao
819 787 859 830 ex
876 765 997 846 Kures,
1021 763 1116 830 Dom.
1132 764 1287 831 Ladislao
1304 766 1344 832 de
1360 766 1491 848 Dorog·

305 873 397 953 haze,
421 873 574 938 canonico
608 871 836 956 Strigoniensi‚
871 873 966 938 Dom.
990 873 1147 939 Michaeli
1181 894 1220 938 ex
1254 873 1491 957 Methuchyna,

306 981 461 1046 canonico
499 980 683 1061 Bachiensi,
716 981 847 1046 Jacobo
880 981 920 1048 (10
954 980 1100 1064 Zabady,
1140 982 1264 1046 arcium
1303 981 1492 1046 liberalium

305 1087 500 1170 baccalario,
524 1088 663 1172 aliisque
687 1109 785 1172 quam
817 1089 965 1172 pluribus
998 1088 1171 1172 fidedignis
1204 1091 1352 1174 personis
1386 1089 1429 1154 ad
1456 1089 1493 1154 id

306 1199 494 1284 specialiter
517 1199 642 1264 vocatis
666 1203 699 1262 01
721 1199 850 1282 rogatis
875 1219 960 1263 anno
987 1195 1038 1280 16,
1064 1199 1113 1263 15.
1137 1198 1202 1264 hal.
1225 1197 1429 1265 Novembris,

826 1361 906 1424 (1410
926 1359 974 1420 11.)

413 1463 485 1550 Ego
518 1467 618 1551 Mag.
641 1465 865 1534 Anthonius
893 1469 1047 1554 Poguer
1071 1468 1115 1532 de
1140 1465 1300 1548 Corona,
1323 1468 1491 1552 theologie

305 1575 520 1655 baocalarius,
544 1577 751 1659 presentibus
775 1598 982 1660 recognosco,
1005 1599 1057 1642 me
1074 1599 1095 1642 a
1110 1575 1290 1642 venerabili
1307 1578 1377 1642 viro
1400 1577 1494 1659 Mag.

306 1681 462 1750 Ladislao
486 1683 696 1768 Wraagwlag
729 1686 953 1768 suprascripto
977 1686 1108 1750 nomine
1130 1685 1276 1750 nacionis
1298 1684 1496 1766 Hungarice

307 1796 326 1856 3
351 1791 421 1858 flor.
445 1791 697 1875 Hungarioales,
723 1798 741 1859 2
766 1793 836 1857 flor.
860 1793 1027 1859 Renenses
1061 1799 1095 1858 et
1129 1799 1148 1858 6
1172 1795 1229 1860 sol.
1253 1794 1325 1860 den.
1349 1792 1495 1876 Wyenn.

306 1900 497 1982 percepisse,
521 1923 607 1966 anno
630 1899 765 1965 Domini
789 1901 842 1965 Μ0
857 1899 1122 1981 000001111110,
1146 1901 1203 1967 sed
1226 1923 1374 1986 pannum
1398 1901 1496 1966 lune·

306 2006 408 2072 ralem
430 2029 496 2072 non
519 2010 638 2092 recepi.

414 2113 499 2182 Item
519 2123 564 2182 la
575 2117 646 2182 den.
657 2118 791 2200 exposui
808 2139 867 2200 pro
884 2118 1028 2185 candelis
1045 2120 1154 2202 parvis
1172 2117 1345 2203 applicatis
1361 2117 1497 2182 maiori-

306 2221 425 2288 busin
449 2225 593 2306 exequiis
625 2224 716 2307 Mag.
739 2224 835 2292 Petri
859 2225 900 2291 de
923 2207 1054 2293 Corona
1077 2234 1111 2292 et
1142 2227 1304 2292 licenciati
1329 2225 1496 2307 theologie

307 2331 342 2396 in
365 2331 501 2398 ecclesia
524 2333 629 2397 sancti
653 2331 813 2416 Stephani
836 2335 988 2416 peractis.

414 2440 487 2524 Ego
511 2441 602 2524 Mag.
618 2439 811 2508 Anthonius
834 2443 901 2508 iam
925 2445 1222 2526 supranominatus,
1239 2443 1375 2527 singulis
1390 2442 1497 2507 defal-

307 2548 419 2614 candis
442 2549 617 2614 defalcatis
641 2555 709 2631 etc,
733 2551 897 2633 assignavi
921 2550 1102 2616 venerabili
1126 2552 1195 2616 viro
1219 2550 1310 2634 Mag.
1334 2550 1496 2616 Michaeli

308 2657 348 2721 de
373 2653 561 2740 Schesburg
583 2659 714 2723 nomine
738 2659 885 2723 nacionis
909 2659 1103 2742 Hungaricc
1127 2658 1196 2724 flor.
1221 2658 1437 2742 Ungaricales
1466 2663 1496 2738 3,

309 2765 529 2848 2110000000,
556 2771 572 2830 7
598 2766 655 2832 001.
679 2772 712 2832 01
737 2773 776 2832 21
804 2767 886 2848 den,
910 2769 1120 2851 presentibus
1152 2767 1273 2834 ibidem
1305 2769 1497 2833 reverendis

307 2873 384 2946 viris
407 2873 580 2958 Magistris
595 2875 621 2940 J
622 2875 749 2940 ohanne
772 2874 904 2940 Nicolai
928 2875 967 2941 de
991 2875 1120 2942 Oibiuio
1145 2880 1178 2940 01
1197 2873 1360 2959 Gregorio
1384 2875 1496 2940 Pilea-

307 2980 388 3044 toris
412 2979 452 3044 de
476 2979 615 3048 Oibinio.

831 3072 912 3134 (141(
932 3071 965 3134 Ι.)

416 3176 489 3264 llgo
513 3181 604 3265 Mag.
622 3180 766 3248 Michael
791 3203 831 3248 01(
855 3180 1069 3267 Schespurclr,
1094 3184 1147 3250 die
1171 3183 1319 3250 Tiburcii
1342 3183 1497 3252 0117010-

309 3287 402 3368 riani,
419 3309 505 3353 anno
521 3288 672 3354 videlicet
688 3293 798 3354 nostre
814 3291 930 3356 salutis
951 3291 1003 3356 M⁰
1018 3292 1341 3376 quadringentesimo
1361 3297 1496 3375 septua-

309 3397 430 3478 gesimo
454 3399 604 3481 septimo,
628 3418 668 3461 ex
691 3398 848 3462 concinno
880 3399 1025 3463 nacionis
1053 3397 1228 3482 Hungarie
1260 3401 1495 3482 magistrorum

308 3524 465 3569 consensu
482 3504 525 3569 ad
549 3505 780 3588 preessendum
802 3507 868 3572 iarn
892 3507 1059 3572 nominate
1082 3508 1226 3573 nacionis
1250 3508 1497 3591 procurationis

307 3609 415 3676 officio
439 3613 597 3677 cervicem
621 3613 767 3678 summisi
789 3614 972 3697 roboreque
1005 3615 1167 3698 presentis
1191 3613 1378 3698 cirographi
1402 3635 1496 3680 reco-

307 3739 435 3800 gnosco,
459 3741 511 3785 me
535 3742 574 3785 ex
594 3720 774 3786 venerabili
797 3721 865 3786 viro
890 3721 1048 3788 bonarum
1071 3723 1196 3788 arcium
1219 3723 1378 3805 magistro
1402 3721 1496 3805 Mag.

307 3825 479 3892 Anthonio
513 3827 645 3911 Pugner
669 3828 710 3894 de
743 3827 874 3894 Corona
905 3828 1035 3911 singule
1067 3828 1136 3910 hec,
1168 3846 1231 3913 que
1264 3830 1495 3910 subnotantur,

307 3935 498 4018 percepisse,
524 3935 733 4018 presentibus
753 3935 952 4019 dignissimis
968 3937 1046 4002 viris
1063 3935 1088 4002 J
1090 3957 1194 4002 oanne
1210 3935 1341 4002 Nicolai
1358 3941 1391 4002 ct
1410 3935 1495 4003 Gre-

307 4043 400 4124 gorio
416 4041 599 4125 Pileatoris,
616 4047 755 4127 uterque
772 4044 811 4110 de
828 4043 965 4128 Oibinio,
982 4045 1207 4128 magistrisad
1230 4045 1494 4111 interessendum

308 4150 500 4234 suppliciter
515 4152 650 4234 rogatis.
673 4151 813 4236 Percepi
836 4154 977 4236 primum
1003 4157 1021 4216 3
1046 4150 1357 4235 flor.'Ungarioalas,
1376 4156 1416 4216 15
1437 4151 1495 4226 001.

308 4257 378 4323 1000
402 4259 541 4325 (1110111111
565 4261 765 4327 Renensium
788 4261 869 4342 flor,
893 4281 974 4345 quos
1008 4261 1077 4344 ipse
1109 4265 1311 4344 perceperat,
1337 4257 1496 4325 700101

309 4373 349 4434 al
370 4369 441 4436 den.
465 4370 605 4454 Percepi
624 4370 741 4435 deinde
763 4369 917 4453 ladulam,
941 4370 1064 4436 scilicet
1087 4369 1295 4435 matriculam
1318 4390 1435 4434 novam
1462 4373 1496 4434 et

308 4485 460 4561 veterem,
479 4480 651 4544 historiam
675 4480 781 4545 sancti
797 4479 944 4544 Ladislai
968 4481 1199 4559 continentem,
1217 4477 1495 4558 (1000010100,οΙ-

307 4593 380 4653 1010
401 4588 443 4652 ad
466 4588 610 4654 ladulam
633 4589 838 4654 iamdictam
862 4593 1022 4672 spectans,
1040 4589 1146 4652 altera
1162 4593 1243 4670 apta
1258 4585 1300 4652 ad
1324 4585 1494 4652 recluden-
