3296 5328
1297 431 1336 494 51

153 629 292 698 abonnto
324 627 414 718 Mag.
447 630 638 700 leonardus
672 613 861 698 Dobrohost
900 629 1132 714 Gamnicensis,
1164 633 1197 696 iu
1229 631 1335 696 locum

153 745 222 808 eins
245 744 449 826 substitutae,
482 745 684 827 subscriptos
708 742 854 808 dominos
885 742 1061 825 magistros
1084 739 1259 807 matricula
1282 763 1342 806 na·

152 853 251 918 tionis
276 853 447 936 ascripsit:

259 959 349 1044 Mag.
373 960 491 1028 Victor
514 959 628 1044 Kamp
651 959 835 1041 Vieuensis,
859 959 949 1026 dedit
973 965 993 1024 8
1018 982 1063 1026 cr.

261 1067 352 1151 Mag.
376 1065 531 1134 Andreas
555 1067 691 1134 Thauaz
715 1065 880 1149 Albensis,
905 1073 925 1132 8
950 1091 993 1134 cr.

261 1187 329 1260 Sub
362 1195 553 1279 procuracia
584 1193 676 1276 Mag.
708 1191 873 1260 Johannis
896 1189 1041 1278 Angrer,
1064 1194 1146 1259 iuris
1171 1195 1342 1278 utriusque
1381 1193 1483 1244 15141

151 1303 301 1384 doctoris,
325 1302 477 1386 inscripti
501 1308 578 1366 sunt
601 1303 802 1386 infrascripti
826 1303 992 1386 magistri:

259 1411 349 1494 Mag.
373 1409 482 1476 Lucas
506 1407 546 1474 ex
569 1409 734 1476 Birthalm
746 1406 783 1492 ¹),
808 1410 900 1476 dedit
924 1415 966 1474 38
991 1411 1065 1476 dan.

258 1519 349 1602 Mag.
372 1517 600 1603 Wolffgangus
617 1517 892 1603 Heilligenumair
909 1541 949 1584 ex
967 1517 1131 1598 Gemuitz,
1156 1523 1199 1584 34
1223 1519 1295 1584 den.

259 1637 354 1708 Anno
388 1643 522 1709 Domini
557 1647 652 1725 1515,
684 1643 774 1727 Mag.
808 1643 1153 1712 Jacobus-Vexillifer
1178 1644 1341 1710 inlocum
1375 1645 1490 1694 151411

152 1751 241 1836 Mag.
264 1751 400 1834 Andrea
423 1751 585 1836 Meyxner
609 1758 642 1818 at
665 1753 807 1819 offitium
840 1755 1026 1838 procuratis
1060 1753 1171 1836 inclite
1200 1753 1342 1820 nationis

152 1859 301 1944 Ungarie
335 1861 534 1928 substitutus
557 1851 616 1944 est,
640 1863 700 1928 sub
726 1865 816 1929 cuius
839 1863 947 1929 officio
972 1869 1106 1947 gerente
1130 1859 1167 1944 (1)
1192 1863 1342 1946 magistri

151 1965 321 2032 subnotati
344 1969 505 2034 intitulati
528 1975 620 2034 sunt:

187 2115 191 2122 -
258 2075 348 2159 Mag.
374 2075 516 2142 Thomas
539 2077 631 2142 Wall
655 2073 852 2144 Gibiniensis
870 2078 1114 2158 Transilvanus,
1140 2077 1231 2142 dedit
1254 2082 1274 2142 8
1298 2100 1341 2144 cr.

257 2184 348 2268 Mag.
364 2185 531 2252 Martinus
548 2186 707 2270 Edlinger
730 2208 769 2252 ex
792 2185 895 2268 Wels,
919 2188 960 2252 ob
984 2187 1181 2272 singularem
1198 2207 1343 2254 amorem

152 2299 263 2375 nostre
288 2295 430 2360 nationis
455 2316 515 2378 pro
540 2294 762 2362 intitulatione
787 2297 836 2362 sui
863 2301 904 2360 10
929 2318 972 2361 cr.
997 2296 1097 2362 dedit.

259 2401 349 2487 Mag.
365 2401 487 2468 Petrus
504 2401 706 2488 Freylander
729 2426 769 2468 ex
785 2403 975 2488 Wolssperg
991 2401 1196 2488 Carintheus‚
1216 2427 1254 2475 ex
1266 2424 1341 2489 spe·

149 2508 224 2574 ciali
250 2509 461 2576 inclinatione
484 2509 528 2574 ad
551 2512 718 2576 nationem
742 2511 832 2576 dedit
858 2517 904 2576 30
925 2511 998 2576 den.
1021 2533 1080 2595 pro
1108 2511 1341 2578 intitulatione·

255 2617 348 2700 Mag.
372 2617 575 2684 Laurencius
600 2617 817 2685 Armbrustar
841 2615 1044 2702 Oibiuiensis,
1067 2619 1159 2684 dedit
1183 2625 1203 2684 8
1227 2641 1271 2685 or.

257 2737 465 2807 Procurante
480 2741 571 2826 Mag.
587 2741 686 2808 Petro
703 2741 894 2828 Sempronio
910 2767 950 2809 ex
967 2745 1210 2810 Wilmansdorf
1222 2742 1338 2826 Silesia
1382 2774 1449 2820 1515
1470 2770 1483 2818 1

146 2849 326 2932 subscripti
350 2851 501 2932 magistri
523 2851 685 2916 intitulati
708 2859 802 2918 sunt:

257 2957 348 3042 Mag.
371 2957 397 3022 J
399 2979 520 3024 oannes
544 2957 732 3044 Oreslinger
756 2961 927 3044 Budensis‚
951 2963 1042 3028 dedit
1066 2970 1086 3028 8
1111 2985 1154 3028 cr.

259 3067 350 3150 Mag.
374 3067 627 3134 Bartholomeue
650 3069 783 3135 Franclr
807 3070 980 3152 Eudemia,
1004 3070 1096 3138 dedit
1119 3075 1140 3136 8
1163 3092 1208 3136 cr.

257 3174 347 3259 Mag.
363 3175 520 3243 Matheus
544 3178 585 3242 de
609 3177 782 3262 Hagymass
799 3179 881 3244 alias
896 3186 1005 3246 rector
1021 3180 1217 3246 scholarium
1236 3177 1339 3264 Quin·

144 3283 426 3366 queecclesiensis,
453 3289 493 3349 10
517 3308 562 3352 cr.

258 3400 327 3472 Sub
352 3411 544 3492 procuracia
576 3408 665 3494 Mag.
698 3409 901 3494 Vuollgangi
934 3411 1131 3495 Heiligmair
1164 3411 1338 3496 subscripti
1373 3435 1488 3484 151511

142 3517 300 3596 magistri
324 3517 485 3583 intitulati
508 3525 602 3583 sunt:
908 3535 909 3538 ’

256 3623 347 3707 Mag.
363 3622 480 3690 Gallus
505 3648 545 3691 ex
567 3625 768 3709 Altenburg‚
792 3628 833 3692 ob
856 3627 1054 3712 peculiarem
1072 3649 1214 3694 amorem
1230 3630 1338 3694 nacio-

140 3732 196 3796 nis
224 3731 373 3814 Ungarie
396 3755 456 3817 pro
480 3734 702 3802 intitulatione
726 3738 776 3802 sni
802 3741 842 3800 10
867 3758 911 3802 cr.
936 3737 1033 3803 dedit

256 3839 346 3924 Mag.
363 3839 894 3926 anprianusKosterAthesinus
905 3845 940 3926 1),
957 3847 998 3912 ob
1018 3847 1217 3930 singularem
1230 3847 1338 3910 nacio-

138 3951 194 4014 nis
221 3955 334 4014 nostre
357 3972 502 4016 amorem
524 3973 584 4035 pro
608 3953 831 4020 intitulaoione
856 3955 906 4020 sui
929 3954 1021 4018 dedit
1044 3960 1062 4020 6
1088 3977 1132 4024 cr.

256 4053 348 4140 Mag.
371 4057 520 4124 «Ioannes
544 4059 721 4126 Aurilabri
743 4060 983 4142 Varasdicnsia
1008 4061 1099 4127 dedit
1122 4067 1142 4126 8
1166 4085 1210 4128 cr.

256 4163 348 4249 Mag.
372 4165 534 4250 Georgius
556 4167 712 4249 Medricz‚
736 4170 825 4234 dedit
853 4173 892 4234 10
917 4191 960 4235 cr.

256 4265 352 4338 Anno
384 4273 517 4340 Domini
552 4281 636 4341 1516
671 4275 697 4341 J
699 4269 842 4347 ohannes
875 4277 1017 4359 Angrer,
1051 4278 1171 4343 arcium
1204 4283 1236 4341 ct
1258 4280 1337 4344 iuris
1368 4303 1469 4354 151c1

135 4383 319 4465 utriusque
353 4381 476 4464 doctor,
508 4383 543 4447 in
575 4392 820 4468 procuratorem
854 4386 976 4451 electus
1015 4386 1160 4450 nacionis
1198 4383 1337 4468 Hunga·

134 4513 267 4570 rorum,
292 4489 353 4556 sub
378 4513 443 4576 quo
466 4493 668 4576 infrascripti
692 4499 769 4558 sunt
792 4495 941 4576 magistri
965 4495 1106 4558 arcium:

201 4597 413 4678 ‘era
432 4611 645 4669 Pirenam-bol.

256 4707 276 4767 ²)
297 4707 321 4756 Α
341 4701 742 4772 111111111111111111111111
773 4705 899 4759 Moritur
924 4705 1007 4761 Virnr
1026 4723 1100 4759 11111111
1122 4705 1238 4760 Deretini
1263 4709 1337 4761 1:517.

1202 4801 1235 4850 4*
