<?xml version="1.0" encoding="UTF-8"?>
<!DOCTYPE html PUBLIC "-//W3C//DTD XHTML 1.0 Transitional//EN"
    "http://www.w3.org/TR/xhtml1/DTD/xhtml1-transitional.dtd">
<html xmlns="http://www.w3.org/1999/xhtml" xml:lang="en" lang="en">
 <head>
  <title>
</title>
<meta http-equiv="Content-Type" content="text/html;charset=utf-8" />
  <meta name='ocr-system' content='tesseract 3.04.00' />
  <meta name='ocr-capabilities' content='ocr_page ocr_carea ocr_par ocr_line ocrx_word'/>
</head>
<body>
  <div class='ocr_page' id='page_1' title='image "./abcsiegyetemmag00akadgoog/abcsiegyetemmag00akadgoog_0353.png"; bbox 0 0 3334 5322; ppageno 0'>
   <div class='ocr_carea' id='block_1_1' title="bbox 350 445 415 510">
    <p class='ocr_par' dir='ltr' id='par_1_1' title="bbox 350 445 415 510">
     <span class='ocr_line' id='line_1_1' title="bbox 350 445 415 510; baseline -0.031 0"><span class='ocrx_word' id='word_1_1' title='bbox 350 445 415 510; x_wconf 86' lang='grc'><strong>242</strong></span> 
     </span>
    </p>
   </div>
   <div class='ocr_carea' id='block_1_2' title="bbox 350 643 1533 1382">
    <p class='ocr_par' dir='ltr' id='par_1_2' title="bbox 350 643 1533 1382">
     <span class='ocr_line' id='line_1_2' title="bbox 350 643 1531 732; baseline 0.003 -22"><span class='ocrx_word' id='word_1_2' title='bbox 350 645 477 712; x_wconf 88' lang='lat' dir='ltr'><strong>duabus</strong></span> <span class='ocrx_word' id='word_1_3' title='bbox 501 645 600 728; x_wconf 87' lang='lat' dir='ltr'><strong>seris;</strong></span> <span class='ocrx_word' id='word_1_4' title='bbox 623 645 702 712; x_wconf 89' lang='lat' dir='ltr'><strong>item</strong></span> <span class='ocrx_word' id='word_1_5' title='bbox 726 643 808 712; x_wconf 87' lang='lat' dir='ltr'><strong>duas</strong></span> <span class='ocrx_word' id='word_1_6' title='bbox 833 645 1034 728; x_wconf 89' lang='lat' dir='ltr'><strong>matriculas,</strong></span> <span class='ocrx_word' id='word_1_7' title='bbox 1058 666 1176 714; x_wconf 86' lang='lat' dir='ltr'><strong>noram</strong></span> <span class='ocrx_word' id='word_1_8' title='bbox 1192 647 1317 715; x_wconf 90' lang='lat' dir='ltr'><strong>scilicet</strong></span> <span class='ocrx_word' id='word_1_9' title='bbox 1333 655 1366 716; x_wconf 89' lang='grc'><strong>01</strong></span> <span class='ocrx_word' id='word_1_10' title='bbox 1382 655 1531 732; x_wconf 87' lang='lat' dir='ltr'><strong>veterem,</strong></span> 
     </span>
     <span class='ocr_line' id='line_1_3' title="bbox 350 755 1531 840; baseline 0.006 -21"><span class='ocrx_word' id='word_1_11' title='bbox 350 755 428 820; x_wconf 90' lang='lat' dir='ltr'><strong>item</strong></span> <span class='ocrx_word' id='word_1_12' title='bbox 452 755 624 822; x_wconf 83' lang='lat' dir='ltr'><strong>historiam</strong></span> <span class='ocrx_word' id='word_1_13' title='bbox 649 757 754 822; x_wconf 91' lang='lat' dir='ltr'><strong>sancti</strong></span> <span class='ocrx_word' id='word_1_14' title='bbox 777 758 865 839; x_wconf 85' lang='lat' dir='ltr'><strong>regis</strong></span> <span class='ocrx_word' id='word_1_15' title='bbox 888 756 1045 840; x_wconf 89' lang='lat' dir='ltr'><strong>Ladislai,</strong></span> <span class='ocrx_word' id='word_1_16' title='bbox 1069 758 1148 824; x_wconf 90' lang='lat' dir='ltr'><strong>item</strong></span> <span class='ocrx_word' id='word_1_17' title='bbox 1171 762 1193 824; x_wconf 90' lang='lat'>4</span> <span class='ocrx_word' id='word_1_18' title='bbox 1217 759 1372 827; x_wconf 86' lang='lat' dir='ltr'><strong>candelas</strong></span> <span class='ocrx_word' id='word_1_19' title='bbox 1395 761 1531 826; x_wconf 87' lang='lat' dir='ltr'><strong>maiores</strong></span> 
     </span>
     <span class='ocr_line' id='line_1_4' title="bbox 350 859 1531 946; baseline 0.004 -19"><span class='ocrx_word' id='word_1_20' title='bbox 350 869 384 928; x_wconf 89' lang='lat' dir='ltr'><strong>et</strong></span> <span class='ocrx_word' id='word_1_21' title='bbox 401 867 444 928; x_wconf 90' lang='grc'><strong>24</strong></span> <span class='ocrx_word' id='word_1_22' title='bbox 457 859 481 946; x_wconf 82' lang='lat'><strong>¹)</strong></span> <span class='ocrx_word' id='word_1_23' title='bbox 498 863 657 946; x_wconf 84' lang='lat' dir='ltr'><strong>minores3</strong></span> <span class='ocrx_word' id='word_1_24' title='bbox 673 866 753 930; x_wconf 91' lang='lat' dir='ltr'><strong>item</strong></span> <span class='ocrx_word' id='word_1_25' title='bbox 769 865 843 930; x_wconf 91' lang='lat' dir='ltr'><strong>dedi</strong></span> <span class='ocrx_word' id='word_1_26' title='bbox 861 864 964 932; x_wconf 88' lang='lat' dir='ltr'><strong>eidem</strong></span> <span class='ocrx_word' id='word_1_27' title='bbox 981 865 1114 932; x_wconf 88' lang='lat' dir='ltr'><strong>bursam</strong></span> <span class='ocrx_word' id='word_1_28' title='bbox 1128 867 1239 934; x_wconf 89' lang='lat' dir='ltr'><strong>albam</strong></span> <span class='ocrx_word' id='word_1_29' title='bbox 1257 869 1475 935; x_wconf 89' lang='lat' dir='ltr'><strong>continentem</strong></span> <span class='ocrx_word' id='word_1_30' title='bbox 1499 869 1531 932; x_wconf 93' lang='lat' dir='ltr'><strong>in</strong></span> 
     </span>
     <span class='ocr_line' id='line_1_5' title="bbox 350 972 1530 1060; baseline 0.001 -23"><span class='ocrx_word' id='word_1_31' title='bbox 350 995 384 1038; x_wconf 90' lang='grc'><strong>00</strong></span> <span class='ocrx_word' id='word_1_32' title='bbox 410 977 427 1035; x_wconf 83' lang='grc'><strong>7</strong></span> <span class='ocrx_word' id='word_1_33' title='bbox 462 973 530 1039; x_wconf 87' lang='lat' dir='ltr'><strong>llor.</strong></span> <span class='ocrx_word' id='word_1_34' title='bbox 563 972 806 1056; x_wconf 88' lang='lat' dir='ltr'><strong>Hungaricales</strong></span> <span class='ocrx_word' id='word_1_35' title='bbox 829 975 902 1038; x_wconf 88' lang='lat' dir='ltr'><strong>auri</strong></span> <span class='ocrx_word' id='word_1_36' title='bbox 929 973 1002 1040; x_wconf 90' lang='lat' dir='ltr'><strong>boni</strong></span> <span class='ocrx_word' id='word_1_37' title='bbox 1037 981 1070 1040; x_wconf 90' lang='grc'><strong>01</strong></span> <span class='ocrx_word' id='word_1_38' title='bbox 1093 975 1232 1042; x_wconf 82' lang='grc' dir='ltr'>1010111ἰο</span> <span class='ocrx_word' id='word_1_39' title='bbox 1256 977 1410 1060; x_wconf 89' lang='lat' dir='ltr'><strong>ponderis</strong></span> <span class='ocrx_word' id='word_1_40' title='bbox 1434 983 1467 1042; x_wconf 91' lang='lat' dir='ltr'><strong>et</strong></span> <span class='ocrx_word' id='word_1_41' title='bbox 1492 979 1530 1038; x_wconf 77' lang='lat'><strong>57</strong></span> 
     </span>
     <span class='ocr_line' id='line_1_6' title="bbox 350 1081 1533 1167; baseline 0.002 -21"><span class='ocrx_word' id='word_1_42' title='bbox 350 1081 422 1146; x_wconf 91' lang='lat' dir='ltr'><strong>den.</strong></span> <span class='ocrx_word' id='word_1_43' title='bbox 447 1081 580 1147; x_wconf 89' lang='lat' dir='ltr'><strong>Wienn.</strong></span> <span class='ocrx_word' id='word_1_44' title='bbox 604 1082 637 1145; x_wconf 91' lang='lat' dir='ltr'><strong>in</strong></span> <span class='ocrx_word' id='word_1_45' title='bbox 662 1083 832 1166; x_wconf 83' lang='lat' dir='ltr'>presencia</span> <span class='ocrx_word' id='word_1_46' title='bbox 855 1081 1092 1148; x_wconf 87' lang='lat' dir='ltr'><strong>venerabilium</strong></span> <span class='ocrx_word' id='word_1_47' title='bbox 1112 1085 1255 1149; x_wconf 78' lang='lat' dir='ltr'><strong>uirorum</strong></span> <span class='ocrx_word' id='word_1_48' title='bbox 1272 1084 1364 1167; x_wconf 88' lang='lat' dir='ltr'><strong>Mag.</strong></span> <span class='ocrx_word' id='word_1_49' title='bbox 1388 1083 1533 1150; x_wconf 75' lang='lat' dir='ltr'>Danielis</span> 
     </span>
     <span class='ocr_line' id='line_1_7' title="bbox 350 1187 1533 1275; baseline 0.002 -21"><span class='ocrx_word' id='word_1_50' title='bbox 350 1189 390 1254; x_wconf 88' lang='lat' dir='ltr'><strong>do</strong></span> <span class='ocrx_word' id='word_1_51' title='bbox 407 1187 583 1270; x_wconf 82' lang='lat' dir='ltr'><strong>Costeleoz,</strong></span> <span class='ocrx_word' id='word_1_52' title='bbox 597 1188 687 1271; x_wconf 86' lang='lat' dir='ltr'>Mag.</span> <span class='ocrx_word' id='word_1_53' title='bbox 703 1189 832 1254; x_wconf 90' lang='lat' dir='ltr'><strong>Mathie</strong></span> <span class='ocrx_word' id='word_1_54' title='bbox 846 1189 887 1254; x_wconf 93' lang='lat' dir='ltr'><strong>de</strong></span> <span class='ocrx_word' id='word_1_55' title='bbox 902 1189 1108 1274; x_wconf 88' lang='lat' dir='ltr'><strong>Krumpach,</strong></span> <span class='ocrx_word' id='word_1_56' title='bbox 1132 1190 1223 1275; x_wconf 88' lang='lat' dir='ltr'><strong>Mag.</strong></span> <span class='ocrx_word' id='word_1_57' title='bbox 1243 1190 1268 1256; x_wconf 86' lang='lat' dir='ltr'><strong>J</strong></span> <span class='ocrx_word' id='word_1_58' title='bbox 1269 1192 1361 1256; x_wconf 90' lang='lat' dir='ltr'><strong>odoci</strong></span> <span class='ocrx_word' id='word_1_59' title='bbox 1379 1191 1418 1256; x_wconf 92' lang='lat' dir='ltr'><strong>de</strong></span> <span class='ocrx_word' id='word_1_60' title='bbox 1435 1191 1533 1275; x_wconf 82' lang='lat' dir='ltr'><strong>Egra,</strong></span> 
     </span>
     <span class='ocr_line' id='line_1_8' title="bbox 350 1295 1297 1382; baseline 0.006 -21"><span class='ocrx_word' id='word_1_61' title='bbox 350 1295 439 1380; x_wconf 87' lang='lat' dir='ltr'><strong>Mag.</strong></span> <span class='ocrx_word' id='word_1_62' title='bbox 463 1296 619 1382; x_wconf 80' lang='lat' dir='ltr'><strong>Gregorii</strong></span> <span class='ocrx_word' id='word_1_63' title='bbox 642 1298 682 1362; x_wconf 92' lang='lat' dir='ltr'><strong>de</strong></span> <span class='ocrx_word' id='word_1_64' title='bbox 706 1297 785 1363; x_wconf 91' lang='lat' dir='ltr'><strong>Pest</strong></span> <span class='ocrx_word' id='word_1_65' title='bbox 809 1305 842 1364; x_wconf 92' lang='lat' dir='ltr'><strong>et</strong></span> <span class='ocrx_word' id='word_1_66' title='bbox 865 1299 956 1382; x_wconf 88' lang='lat' dir='ltr'><strong>Mag.</strong></span> <span class='ocrx_word' id='word_1_67' title='bbox 980 1299 1070 1364; x_wconf 86' lang='lat' dir='ltr'><strong>Luce</strong></span> <span class='ocrx_word' id='word_1_68' title='bbox 1094 1299 1134 1366; x_wconf 90' lang='lat' dir='ltr'><strong>de</strong></span> <span class='ocrx_word' id='word_1_69' title='bbox 1158 1300 1297 1368; x_wconf 84' lang='lat' dir='ltr'><strong>(libinio.</strong></span> 
     </span>
    </p>
   </div>
   <div class='ocr_carea' id='block_1_3' title="bbox 873 1481 1155 1552">
    <p class='ocr_par' dir='ltr' id='par_1_3' title="bbox 873 1481 1155 1552">
     <span class='ocr_line' id='line_1_9' title="bbox 873 1481 1155 1552; baseline 0.014 -22"><span class='ocrx_word' id='word_1_70' title='bbox 873 1481 1006 1543; x_wconf 79' lang='lat'>(14811.)</span> <span class='ocrx_word' id='word_1_71' title='bbox 1050 1547 1051 1552; x_wconf 8' lang='lat' dir='ltr'><strong>p</strong></span> <span class='ocrx_word' id='word_1_72' title='bbox 1153 1540 1155 1544; x_wconf 66' lang='grc'>,</span> 
     </span>
    </p>
   </div>
   <div class='ocr_carea' id='block_1_4' title="bbox 351 1604 1537 2560">
    <p class='ocr_par' dir='ltr' id='par_1_4' title="bbox 351 1604 1537 2452">
     <span class='ocr_line' id='line_1_10' title="bbox 449 1604 1535 1694; baseline 0.002 -22"><span class='ocrx_word' id='word_1_73' title='bbox 449 1604 522 1692; x_wconf 82' lang='lat' dir='ltr'><strong>Ego</strong></span> <span class='ocrx_word' id='word_1_74' title='bbox 538 1607 639 1692; x_wconf 88' lang='lat' dir='ltr'><strong>Mag.</strong></span> <span class='ocrx_word' id='word_1_75' title='bbox 656 1605 892 1693; x_wconf 83' lang='lat' dir='ltr'><strong>Gregorius</strong></span> <span class='ocrx_word' id='word_1_76' title='bbox 909 1605 1164 1691; x_wconf 85' lang='lat' dir='ltr'><strong>Gibinionais,</strong></span> <span class='ocrx_word' id='word_1_77' title='bbox 1180 1615 1376 1694; x_wconf 88' lang='lat' dir='ltr'><strong>procurator</strong></span> <span class='ocrx_word' id='word_1_78' title='bbox 1388 1611 1535 1675; x_wconf 79' lang='lat' dir='ltr'><strong>nacionis</strong></span> 
     </span>
     <span class='ocr_line' id='line_1_11' title="bbox 352 1717 1536 1804; baseline -0.001 -22"><span class='ocrx_word' id='word_1_79' title='bbox 352 1724 497 1802; x_wconf 86' lang='lat' dir='ltr'><strong>tempore</strong></span> <span class='ocrx_word' id='word_1_80' title='bbox 514 1718 650 1798; x_wconf 87' lang='lat' dir='ltr'><strong>estivali,</strong></span> <span class='ocrx_word' id='word_1_81' title='bbox 674 1717 824 1801; x_wconf 88' lang='lat' dir='ltr'><strong>predicta</strong></span> <span class='ocrx_word' id='word_1_82' title='bbox 840 1717 966 1784; x_wconf 90' lang='lat' dir='ltr'><strong>inserta</strong></span> <span class='ocrx_word' id='word_1_83' title='bbox 990 1738 1094 1782; x_wconf 90' lang='lat' dir='ltr'><strong>meme</strong></span> <span class='ocrx_word' id='word_1_84' title='bbox 1107 1717 1292 1804; x_wconf 78' lang='lat' dir='ltr'><strong>percepisse</strong></span> <span class='ocrx_word' id='word_1_85' title='bbox 1308 1717 1415 1784; x_wconf 84' lang='lat' dir='ltr'><strong>fateor</strong></span> <span class='ocrx_word' id='word_1_86' title='bbox 1441 1721 1536 1793; x_wconf 83' lang='lat'><strong>1481,</strong></span> 
     </span>
     <span class='ocr_line' id='line_1_12' title="bbox 351 1817 1535 1910; baseline 0 -20"><span class='ocrx_word' id='word_1_87' title='bbox 351 1825 403 1890; x_wconf 92' lang='lat' dir='ltr'><strong>die</strong></span> <span class='ocrx_word' id='word_1_88' title='bbox 429 1817 480 1908; x_wconf 85' lang='lat' dir='ltr'><strong>[s]</strong></span> <span class='ocrx_word' id='word_1_89' title='bbox 505 1825 612 1891; x_wconf 87' lang='lat' dir='ltr'><strong>Marci</strong></span> <span class='ocrx_word' id='word_1_90' title='bbox 636 1831 711 1910; x_wconf 89' lang='lat' dir='ltr'><strong>post</strong></span> <span class='ocrx_word' id='word_1_91' title='bbox 734 1825 854 1892; x_wconf 83' lang='lat' dir='ltr'><strong>festum</strong></span> <span class='ocrx_word' id='word_1_92' title='bbox 889 1827 996 1892; x_wconf 85' lang='lat' dir='ltr'><strong>sancti</strong></span> <span class='ocrx_word' id='word_1_93' title='bbox 1028 1823 1173 1909; x_wconf 84' lang='lat' dir='ltr'><strong>Georgii,</strong></span> <span class='ocrx_word' id='word_1_94' title='bbox 1198 1847 1218 1891; x_wconf 89' lang='lat' dir='ltr'><strong>a</strong></span> <span class='ocrx_word' id='word_1_95' title='bbox 1241 1826 1442 1891; x_wconf 88' lang='lat' dir='ltr'><strong>benemerito</strong></span> <span class='ocrx_word' id='word_1_96' title='bbox 1467 1826 1535 1890; x_wconf 82' lang='lat' dir='ltr'><strong>viro</strong></span> 
     </span>
     <span class='ocr_line' id='line_1_13' title="bbox 352 1933 1536 2018; baseline 0.003 -22"><span class='ocrx_word' id='word_1_97' title='bbox 352 1933 476 1998; x_wconf 86' lang='lat' dir='ltr'><strong>arcium</strong></span> <span class='ocrx_word' id='word_1_98' title='bbox 500 1933 685 2000; x_wconf 87' lang='lat' dir='ltr'><strong>liberalium</strong></span> <span class='ocrx_word' id='word_1_99' title='bbox 702 1933 791 2017; x_wconf 88' lang='lat' dir='ltr'><strong>Mag.</strong></span> <span class='ocrx_word' id='word_1_100' title='bbox 815 1933 969 2000; x_wconf 89' lang='lat' dir='ltr'><strong>Johanne</strong></span> <span class='ocrx_word' id='word_1_101' title='bbox 989 1933 1184 2016; x_wconf 81' lang='lat' dir='ltr'><strong>Planclrner,</strong></span> <span class='ocrx_word' id='word_1_102' title='bbox 1208 1933 1447 2018; x_wconf 80' lang='lat' dir='ltr'><strong>archidyacono</strong></span> <span class='ocrx_word' id='word_1_103' title='bbox 1466 1933 1536 1999; x_wconf 89' lang='lat' dir='ltr'><strong>Ka·</strong></span> 
     </span>
     <span class='ocr_line' id='line_1_14' title="bbox 351 2041 1536 2126; baseline 0 -20"><span class='ocrx_word' id='word_1_104' title='bbox 351 2043 532 2107; x_wconf 82' lang='lat' dir='ltr'><strong>moronensi</strong></span> <span class='ocrx_word' id='word_1_105' title='bbox 565 2048 599 2106; x_wconf 93' lang='lat' dir='ltr'><strong>et</strong></span> <span class='ocrx_word' id='word_1_106' title='bbox 632 2041 785 2108; x_wconf 89' lang='lat' dir='ltr'><strong>canonico</strong></span> <span class='ocrx_word' id='word_1_107' title='bbox 819 2041 951 2108; x_wconf 91' lang='lat' dir='ltr'><strong>ecclesie</strong></span> <span class='ocrx_word' id='word_1_108' title='bbox 976 2041 1227 2126; x_wconf 83' lang='lat' dir='ltr'><strong>Zagrabionsis3</strong></span> <span class='ocrx_word' id='word_1_109' title='bbox 1252 2041 1402 2108; x_wconf 87' lang='lat' dir='ltr'><strong>funerale</strong></span> <span class='ocrx_word' id='word_1_110' title='bbox 1426 2047 1536 2108; x_wconf 85' lang='lat' dir='ltr'><strong>tamen</strong></span> 
     </span>
     <span class='ocr_line' id='line_1_15' title="bbox 352 2150 1535 2235; baseline 0 -21"><span class='ocrx_word' id='word_1_111' title='bbox 352 2171 421 2215; x_wconf 89' lang='lat' dir='ltr'><strong>sese</strong></span> <span class='ocrx_word' id='word_1_112' title='bbox 454 2150 605 2232; x_wconf 89' lang='lat' dir='ltr'><strong>equidem</strong></span> <span class='ocrx_word' id='word_1_113' title='bbox 638 2172 703 2216; x_wconf 94' lang='lat' dir='ltr'><strong>non</strong></span> <span class='ocrx_word' id='word_1_114' title='bbox 740 2151 921 2235; x_wconf 87' lang='lat' dir='ltr'><strong>percepisse</strong></span> <span class='ocrx_word' id='word_1_115' title='bbox 954 2151 1046 2232; x_wconf 87' lang='lat' dir='ltr'><strong>dixit,</strong></span> <span class='ocrx_word' id='word_1_116' title='bbox 1085 2155 1309 2216; x_wconf 79' lang='lat' dir='ltr'><strong>verumtamen</strong></span> <span class='ocrx_word' id='word_1_117' title='bbox 1340 2151 1467 2216; x_wconf 79' lang='lat' dir='ltr'><strong>erravit</strong></span> <span class='ocrx_word' id='word_1_118' title='bbox 1505 2151 1535 2214; x_wconf 92' lang='lat' dir='ltr'><strong>in</strong></span> 
     </span>
     <span class='ocr_line' id='line_1_16' title="bbox 352 2256 1537 2342; baseline 0.002 -22"><span class='ocrx_word' id='word_1_119' title='bbox 352 2256 496 2323; x_wconf 83' lang='lat' dir='ltr'><strong>candelis</strong></span> <span class='ocrx_word' id='word_1_120' title='bbox 518 2257 706 2340; x_wconf 81' lang='lat' dir='ltr'><strong>minoribus,</strong></span> <span class='ocrx_word' id='word_1_121' title='bbox 731 2260 885 2342; x_wconf 88' lang='lat' dir='ltr'><strong>quoniam</strong></span> <span class='ocrx_word' id='word_1_122' title='bbox 918 2264 1048 2324; x_wconf 90' lang='lat' dir='ltr'><strong>tantum</strong></span> <span class='ocrx_word' id='word_1_123' title='bbox 1074 2262 1116 2323; x_wconf 89' lang='grc'><strong>24</strong></span> <span class='ocrx_word' id='word_1_124' title='bbox 1140 2258 1261 2324; x_wconf 90' lang='lat' dir='ltr'><strong>debent</strong></span> <span class='ocrx_word' id='word_1_125' title='bbox 1284 2281 1370 2340; x_wconf 82' lang='lat' dir='ltr'><strong>esse3</strong></span> <span class='ocrx_word' id='word_1_126' title='bbox 1393 2279 1482 2323; x_wconf 87' lang='lat' dir='ltr'><strong>anno</strong></span> <span class='ocrx_word' id='word_1_127' title='bbox 1506 2265 1537 2323; x_wconf 88' lang='grc'><strong>01</strong></span> 
     </span>
     <span class='ocr_line' id='line_1_17' title="bbox 352 2366 998 2452; baseline 0.003 -22"><span class='ocrx_word' id='word_1_128' title='bbox 352 2366 491 2432; x_wconf 87' lang='lat' dir='ltr'><strong>testibus</strong></span> <span class='ocrx_word' id='word_1_129' title='bbox 515 2367 720 2451; x_wconf 82' lang='lat' dir='ltr'><strong>presentibus</strong></span> <span class='ocrx_word' id='word_1_130' title='bbox 745 2368 865 2452; x_wconf 89' lang='lat' dir='ltr'><strong>quibus</strong></span> <span class='ocrx_word' id='word_1_131' title='bbox 889 2389 998 2452; x_wconf 89' lang='lat' dir='ltr'><strong>supra.</strong></span> 
     </span>
    </p>

    <p class='ocr_par' dir='ltr' id='par_1_5' title="bbox 460 2473 1537 2560">
     <span class='ocr_line' id='line_1_18' title="bbox 460 2473 1537 2560; baseline -0.001 -20"><span class='ocrx_word' id='word_1_132' title='bbox 460 2473 547 2540; x_wconf 87' lang='lat' dir='ltr'><strong>Item</strong></span> <span class='ocrx_word' id='word_1_133' title='bbox 571 2477 721 2560; x_wconf 87' lang='lat' dir='ltr'><strong>exposita</strong></span> <span class='ocrx_word' id='word_1_134' title='bbox 753 2497 812 2560; x_wconf 89' lang='lat' dir='ltr'><strong>pro</strong></span> <span class='ocrx_word' id='word_1_135' title='bbox 836 2476 953 2542; x_wconf 87' lang='lat' dir='ltr'><strong>decore</strong></span> <span class='ocrx_word' id='word_1_136' title='bbox 977 2477 1123 2542; x_wconf 88' lang='lat' dir='ltr'><strong>nacionis</strong></span> <span class='ocrx_word' id='word_1_137' title='bbox 1156 2477 1342 2560; x_wconf 87' lang='lat' dir='ltr'><strong>Ungarioe:</strong></span> <span class='ocrx_word' id='word_1_138' title='bbox 1366 2477 1455 2542; x_wconf 90' lang='lat' dir='ltr'><strong>Item</strong></span> <span class='ocrx_word' id='word_1_139' title='bbox 1480 2497 1537 2560; x_wconf 91' lang='lat' dir='ltr'><strong>pro</strong></span> 
     </span>
    </p>
   </div>
   <div class='ocr_carea' id='block_1_5' title="bbox 298 2581 1538 2670">
    <p class='ocr_par' dir='ltr' id='par_1_6' title="bbox 298 2581 1538 2670">
     <span class='ocr_line' id='line_1_19' title="bbox 298 2581 1538 2670; baseline -0.001 -23"><span class='ocrx_word' id='word_1_140' title='bbox 298 2581 301 2588; x_wconf 84' lang='grc'><strong>’</strong></span> <span class='ocrx_word' id='word_1_141' title='bbox 353 2583 470 2666; x_wconf 85' lang='lat' dir='ltr'><strong>vigiliis</strong></span> <span class='ocrx_word' id='word_1_142' title='bbox 502 2607 541 2650; x_wconf 90' lang='lat' dir='ltr'><strong>ac</strong></span> <span class='ocrx_word' id='word_1_143' title='bbox 572 2583 801 2650; x_wconf 85' lang='lat' dir='ltr'><strong>defunctorum</strong></span> <span class='ocrx_word' id='word_1_144' title='bbox 834 2584 942 2650; x_wconf 87' lang='lat' dir='ltr'><strong>officio</strong></span> <span class='ocrx_word' id='word_1_145' title='bbox 977 2591 994 2649; x_wconf 90' lang='lat'><strong>3</strong></span> <span class='ocrx_word' id='word_1_146' title='bbox 1020 2585 1076 2650; x_wconf 92' lang='lat' dir='ltr'><strong>sol.</strong></span> <span class='ocrx_word' id='word_1_147' title='bbox 1101 2585 1172 2652; x_wconf 89' lang='lat' dir='ltr'><strong>den.</strong></span> <span class='ocrx_word' id='word_1_148' title='bbox 1201 2586 1286 2651; x_wconf 89' lang='lat' dir='ltr'><strong>Item</strong></span> <span class='ocrx_word' id='word_1_149' title='bbox 1311 2607 1371 2670; x_wconf 89' lang='lat' dir='ltr'><strong>pro</strong></span> <span class='ocrx_word' id='word_1_150' title='bbox 1395 2583 1538 2650; x_wconf 89' lang='lat' dir='ltr'><strong>candelis</strong></span> 
     </span>
    </p>
   </div>
   <div class='ocr_carea' id='block_1_6' title="bbox 209 2901 332 3032">
    <p class='ocr_par' dir='ltr' id='par_1_7' title="bbox 209 2901 332 3032">
     <span class='ocr_line' id='line_1_20' title="bbox 237 2901 314 2958; baseline -0.013 -12"><span class='ocrx_word' id='word_1_151' title='bbox 237 2901 314 2958; x_wconf 80' lang='grc'>1401,</span> 
     </span>
     <span class='ocr_line' id='line_1_21' title="bbox 209 2968 332 3032; baseline 0 -14"><span class='ocrx_word' id='word_1_152' title='bbox 209 2968 269 3032; x_wconf 90' lang='lat' dir='ltr'><strong>jun.</strong></span> <span class='ocrx_word' id='word_1_153' title='bbox 291 2973 332 3018; x_wconf 82' lang='grc'><strong>27.</strong></span> 
     </span>
    </p>
   </div>
   <div class='ocr_carea' id='block_1_7' title="bbox 351 2693 1539 3100">
    <p class='ocr_par' dir='ltr' id='par_1_8' title="bbox 351 2693 1539 3100">
     <span class='ocr_line' id='line_1_22' title="bbox 353 2693 1537 2777; baseline 0 -21"><span class='ocrx_word' id='word_1_154' title='bbox 353 2693 526 2777; x_wconf 77' lang='lat' dir='ltr'><strong>applicatis</strong></span> <span class='ocrx_word' id='word_1_155' title='bbox 550 2693 728 2758; x_wconf 85' lang='lat' dir='ltr'><strong>maioribus</strong></span> <span class='ocrx_word' id='word_1_156' title='bbox 752 2693 895 2760; x_wconf 86' lang='lat' dir='ltr'><strong>candelis</strong></span> <span class='ocrx_word' id='word_1_157' title='bbox 929 2693 1116 2776; x_wconf 89' lang='lat' dir='ltr'><strong>etquidem</strong></span> <span class='ocrx_word' id='word_1_158' title='bbox 1140 2693 1263 2759; x_wconf 88' lang='lat' dir='ltr'><strong>exustis</strong></span> <span class='ocrx_word' id='word_1_159' title='bbox 1289 2697 1330 2758; x_wconf 92' lang='grc'><strong>16</strong></span> <span class='ocrx_word' id='word_1_160' title='bbox 1355 2693 1427 2758; x_wconf 87' lang='lat' dir='ltr'><strong>den.</strong></span> <span class='ocrx_word' id='word_1_161' title='bbox 1451 2693 1537 2757; x_wconf 88' lang='lat' dir='ltr'><strong>Item</strong></span> 
     </span>
     <span class='ocr_line' id='line_1_23' title="bbox 353 2799 1538 2885; baseline -0.002 -21"><span class='ocrx_word' id='word_1_162' title='bbox 353 2800 480 2882; x_wconf 85' lang='lat' dir='ltr'><strong>podello</strong></span> <span class='ocrx_word' id='word_1_163' title='bbox 503 2799 626 2881; x_wconf 81' lang='lat' dir='ltr'><strong>Blasio,</strong></span> <span class='ocrx_word' id='word_1_164' title='bbox 649 2801 705 2884; x_wconf 90' lang='lat' dir='ltr'><strong>qui</strong></span> <span class='ocrx_word' id='word_1_165' title='bbox 731 2822 765 2866; x_wconf 90' lang='lat' dir='ltr'><strong>se</strong></span> <span class='ocrx_word' id='word_1_166' title='bbox 789 2801 857 2866; x_wconf 92' lang='lat' dir='ltr'><strong>solo</strong></span> <span class='ocrx_word' id='word_1_167' title='bbox 874 2805 953 2866; x_wconf 90' lang='lat' dir='ltr'><strong>tnnc</strong></span> <span class='ocrx_word' id='word_1_168' title='bbox 976 2801 1129 2866; x_wconf 83' lang='lat' dir='ltr'><strong>interfuit</strong></span> <span class='ocrx_word' id='word_1_169' title='bbox 1153 2806 1167 2866; x_wconf 89' lang='lat'><strong>1</strong></span> <span class='ocrx_word' id='word_1_170' title='bbox 1196 2824 1244 2885; x_wconf 88' lang='lat' dir='ltr'><strong>gr.</strong></span> <span class='ocrx_word' id='word_1_171' title='bbox 1267 2801 1353 2868; x_wconf 89' lang='lat' dir='ltr'><strong>Item</strong></span> <span class='ocrx_word' id='word_1_172' title='bbox 1377 2801 1410 2865; x_wconf 93' lang='lat' dir='ltr'><strong>in</strong></span> <span class='ocrx_word' id='word_1_173' title='bbox 1434 2800 1538 2864; x_wconf 85' lang='lat' dir='ltr'><strong>sancti</strong></span> 
     </span>
     <span class='ocr_line' id='line_1_24' title="bbox 352 2907 1537 2994; baseline 0.003 -21"><span class='ocrx_word' id='word_1_174' title='bbox 352 2909 438 2991; x_wconf 87' lang='lat' dir='ltr'><strong>rogis</strong></span> <span class='ocrx_word' id='word_1_175' title='bbox 456 2908 603 2974; x_wconf 83' lang='lat' dir='ltr'><strong>Ladislai</strong></span> <span class='ocrx_word' id='word_1_176' title='bbox 623 2907 705 2974; x_wconf 89' lang='lat' dir='ltr'><strong>festo</strong></span> <span class='ocrx_word' id='word_1_177' title='bbox 725 2932 784 2994; x_wconf 90' lang='lat' dir='ltr'><strong>pro</strong></span> <span class='ocrx_word' id='word_1_178' title='bbox 804 2907 903 2974; x_wconf 82' lang='lat' dir='ltr'><strong>officii</strong></span> <span class='ocrx_word' id='word_1_179' title='bbox 930 2909 1216 2976; x_wconf 88' lang='lat' dir='ltr'><strong>docantacionibus</strong></span> <span class='ocrx_word' id='word_1_180' title='bbox 1232 2913 1253 2974; x_wconf 86' lang='lat'>4</span> <span class='ocrx_word' id='word_1_181' title='bbox 1272 2909 1329 2976; x_wconf 91' lang='lat' dir='ltr'><strong>sol.</strong></span> <span class='ocrx_word' id='word_1_182' title='bbox 1354 2911 1425 2976; x_wconf 91' lang='lat' dir='ltr'><strong>den.</strong></span> <span class='ocrx_word' id='word_1_183' title='bbox 1451 2912 1537 2976; x_wconf 86' lang='lat' dir='ltr'><strong>Item</strong></span> 
     </span>
     <span class='ocr_line' id='line_1_25' title="bbox 351 3013 1539 3100; baseline 0.002 -20"><span class='ocrx_word' id='word_1_184' title='bbox 351 3016 487 3100; x_wconf 89' lang='lat' dir='ltr'><strong>pedellis</strong></span> <span class='ocrx_word' id='word_1_185' title='bbox 512 3022 553 3081; x_wconf 87' lang='grc'><strong>28</strong></span> <span class='ocrx_word' id='word_1_186' title='bbox 588 3017 660 3084; x_wconf 90' lang='lat' dir='ltr'><strong>den.</strong></span> <span class='ocrx_word' id='word_1_187' title='bbox 693 3017 811 3084; x_wconf 87' lang='lat' dir='ltr'><strong>Vienn.</strong></span> <span class='ocrx_word' id='word_1_188' title='bbox 844 3017 930 3082; x_wconf 86' lang='lat' dir='ltr'><strong>Item</strong></span> <span class='ocrx_word' id='word_1_189' title='bbox 954 3017 1110 3100; x_wconf 80' lang='lat' dir='ltr'><strong>Johanni,</strong></span> <span class='ocrx_word' id='word_1_190' title='bbox 1133 3013 1238 3082; x_wconf 88' lang='lat' dir='ltr'><strong>bedcli</strong></span> <span class='ocrx_word' id='word_1_191' title='bbox 1261 3017 1392 3100; x_wconf 81' lang='lat' dir='ltr'><strong>furnulo,</strong></span> <span class='ocrx_word' id='word_1_192' title='bbox 1417 3025 1438 3082; x_wconf 88' lang='grc'>4</span> <span class='ocrx_word' id='word_1_193' title='bbox 1468 3019 1539 3083; x_wconf 85' lang='lat' dir='ltr'><strong>don.</strong></span> 
     </span>
    </p>
   </div>
   <div class='ocr_carea' id='block_1_8' title="bbox 250 3119 1538 3210">
    <p class='ocr_par' dir='ltr' id='par_1_9' title="bbox 250 3119 1538 3210">
     <span class='ocr_line' id='line_1_26' title="bbox 250 3119 1538 3210; baseline 0.002 -22"><span class='ocrx_word' id='word_1_194' title='bbox 250 3135 257 3144; x_wconf 88' lang='grc'><em>“</em></span> <span class='ocrx_word' id='word_1_195' title='bbox 352 3125 438 3190; x_wconf 88' lang='lat' dir='ltr'><strong>Item</strong></span> <span class='ocrx_word' id='word_1_196' title='bbox 463 3148 521 3210; x_wconf 93' lang='lat' dir='ltr'><strong>pro</strong></span> <span class='ocrx_word' id='word_1_197' title='bbox 546 3125 717 3191; x_wconf 81' lang='lat' dir='ltr'><strong>frondibus</strong></span> <span class='ocrx_word' id='word_1_198' title='bbox 735 3130 776 3190; x_wconf 90' lang='grc'><strong>10</strong></span> <span class='ocrx_word' id='word_1_199' title='bbox 798 3119 905 3210; x_wconf 89' lang='lat' dir='ltr'><strong>[den.].</strong></span> <span class='ocrx_word' id='word_1_200' title='bbox 929 3127 1015 3191; x_wconf 89' lang='lat' dir='ltr'><strong>Item</strong></span> <span class='ocrx_word' id='word_1_201' title='bbox 1032 3148 1090 3210; x_wconf 90' lang='lat' dir='ltr'><strong>pro</strong></span> <span class='ocrx_word' id='word_1_202' title='bbox 1107 3129 1221 3210; x_wconf 90' lang='lat' dir='ltr'><strong>papiro</strong></span> <span class='ocrx_word' id='word_1_203' title='bbox 1245 3126 1287 3192; x_wconf 92' lang='lat' dir='ltr'><strong>ad</strong></span> <span class='ocrx_word' id='word_1_204' title='bbox 1311 3127 1538 3192; x_wconf 81' lang='lat' dir='ltr'><strong>intimaciones</strong></span> 
     </span>
    </p>
   </div>
   <div class='ocr_carea' id='block_1_9' title="bbox 213 3965 334 4098">
    <p class='ocr_par' dir='ltr' id='par_1_10' title="bbox 213 3965 334 4098">
     <span class='ocr_line' id='line_1_27' title="bbox 239 3965 315 4023; baseline 0 -13"><span class='ocrx_word' id='word_1_205' title='bbox 239 3965 315 4023; x_wconf 78' lang='grc'>14111,</span> 
     </span>
     <span class='ocr_line' id='line_1_28' title="bbox 213 4031 334 4098; baseline 0 -18"><span class='ocrx_word' id='word_1_206' title='bbox 213 4031 271 4098; x_wconf 72' lang='lat' dir='ltr'><strong>apr.</strong></span> <span class='ocrx_word' id='word_1_207' title='bbox 294 4037 334 4082; x_wconf 90' lang='grc'><strong>14.</strong></span> 
     </span>
    </p>
   </div>
   <div class='ocr_carea' id='block_1_10' title="bbox 213 4305 333 4424">
    <p class='ocr_par' dir='ltr' id='par_1_11' title="bbox 213 4305 333 4424">
     <span class='ocr_line' id='line_1_29' title="bbox 239 4305 315 4364; baseline 0.013 -15"><span class='ocrx_word' id='word_1_208' title='bbox 239 4305 315 4364; x_wconf 80' lang='grc'>1101,</span> 
     </span>
     <span class='ocr_line' id='line_1_30' title="bbox 213 4369 333 4424; baseline 0 -2"><span class='ocrx_word' id='word_1_209' title='bbox 213 4369 270 4424; x_wconf 89' lang='lat' dir='ltr'><strong>okt.</strong></span> <span class='ocrx_word' id='word_1_210' title='bbox 292 4380 333 4423; x_wconf 76' lang='grc'><strong>11.</strong></span> 
     </span>
    </p>
   </div>
   <div class='ocr_carea' id='block_1_11' title="bbox 352 3235 1538 3536">
    <p class='ocr_par' dir='ltr' id='par_1_12' title="bbox 352 3235 1538 3536">
     <span class='ocr_line' id='line_1_31' title="bbox 354 3235 1538 3332; baseline 0.002 -36"><span class='ocrx_word' id='word_1_211' title='bbox 354 3235 476 3318; x_wconf 83' lang='lat' dir='ltr'><strong>recepit</strong></span> <span class='ocrx_word' id='word_1_212' title='bbox 500 3235 608 3300; x_wconf 84' lang='lat' dir='ltr'><strong>nichil.</strong></span> <span class='ocrx_word' id='word_1_213' title='bbox 632 3235 717 3300; x_wconf 80' lang='lat' dir='ltr'><strong>Item</strong></span> <span class='ocrx_word' id='word_1_214' title='bbox 742 3257 920 3300; x_wconf 87' lang='lat' dir='ltr'><strong>sermonem</strong></span> <span class='ocrx_word' id='word_1_215' title='bbox 951 3235 1090 3332; x_wconf 82' lang='lat' dir='ltr'><strong>coniecit</strong></span> <span class='ocrx_word' id='word_1_216' title='bbox 1114 3235 1306 3300; x_wconf 84' lang='lat' dir='ltr'><strong>venerabilis</strong></span> <span class='ocrx_word' id='word_1_217' title='bbox 1331 3239 1363 3300; x_wconf 90' lang='lat' dir='ltr'><strong>ot</strong></span> <span class='ocrx_word' id='word_1_218' title='bbox 1387 3237 1538 3318; x_wconf 78' lang='lat' dir='ltr'><strong>egregius</strong></span> 
     </span>
     <span class='ocr_line' id='line_1_32' title="bbox 352 3341 1537 3428; baseline -0.002 -21"><span class='ocrx_word' id='word_1_219' title='bbox 352 3344 401 3408; x_wconf 86' lang='lat' dir='ltr'><strong>vir</strong></span> <span class='ocrx_word' id='word_1_220' title='bbox 416 3343 507 3427; x_wconf 84' lang='lat' dir='ltr'><strong>Mag.</strong></span> <span class='ocrx_word' id='word_1_221' title='bbox 532 3341 715 3427; x_wconf 83' lang='lat' dir='ltr'><strong>Gregorius</strong></span> <span class='ocrx_word' id='word_1_222' title='bbox 732 3343 909 3408; x_wconf 86' lang='lat' dir='ltr'><strong>Pestiensis</strong></span> <span class='ocrx_word' id='word_1_223' title='bbox 925 3365 983 3428; x_wconf 91' lang='lat' dir='ltr'><strong>pro</strong></span> <span class='ocrx_word' id='word_1_224' title='bbox 1007 3343 1128 3407; x_wconf 93' lang='lat' dir='ltr'><strong>honore</strong></span> <span class='ocrx_word' id='word_1_225' title='bbox 1145 3343 1291 3408; x_wconf 87' lang='lat' dir='ltr'><strong>nacionis</strong></span> <span class='ocrx_word' id='word_1_226' title='bbox 1308 3341 1487 3426; x_wconf 85' lang='lat' dir='ltr'><strong>llngarice,</strong></span> <span class='ocrx_word' id='word_1_227' title='bbox 1507 3349 1537 3407; x_wconf 86' lang='grc'><strong>01</strong></span> 
     </span>
     <span class='ocr_line' id='line_1_33' title="bbox 352 3450 1538 3536; baseline -0.003 -20"><span class='ocrx_word' id='word_1_228' title='bbox 352 3453 504 3518; x_wconf 87' lang='lat' dir='ltr'><strong>interfuit</strong></span> <span class='ocrx_word' id='word_1_229' title='bbox 527 3451 815 3518; x_wconf 87' lang='lat' dir='ltr'><strong>reverendissimus</strong></span> <span class='ocrx_word' id='word_1_230' title='bbox 839 3454 872 3517; x_wconf 92' lang='lat' dir='ltr'><strong>in</strong></span> <span class='ocrx_word' id='word_1_231' title='bbox 896 3450 1029 3518; x_wconf 79' lang='lat' dir='ltr'><strong>Christo</strong></span> <span class='ocrx_word' id='word_1_232' title='bbox 1049 3457 1144 3535; x_wconf 87' lang='lat' dir='ltr'><strong>pater</strong></span> <span class='ocrx_word' id='word_1_233' title='bbox 1168 3452 1337 3536; x_wconf 89' lang='lat' dir='ltr'><strong>episcopus</strong></span> <span class='ocrx_word' id='word_1_234' title='bbox 1353 3451 1538 3520; x_wconf 74' lang='lat' dir='ltr'><strong>Vara-diem</strong></span> 
     </span>
    </p>
   </div>
   <div class='ocr_carea' id='block_1_12' title="bbox 352 3557 1637 3644">
    <p class='ocr_par' dir='ltr' id='par_1_13' title="bbox 352 3557 1637 3644">
     <span class='ocr_line' id='line_1_34' title="bbox 352 3557 1637 3644; baseline -0.002 -22"><span class='ocrx_word' id='word_1_235' title='bbox 352 3557 445 3642; x_wconf 62' lang='grc'>0109),</span> <span class='ocrx_word' id='word_1_236' title='bbox 469 3561 597 3644; x_wconf 85' lang='lat' dir='ltr'><strong>legatus</strong></span> <span class='ocrx_word' id='word_1_237' title='bbox 623 3561 709 3643; x_wconf 84' lang='lat' dir='ltr'><strong>rogis</strong></span> <span class='ocrx_word' id='word_1_238' title='bbox 726 3559 881 3644; x_wconf 85' lang='lat' dir='ltr'><strong>Ungarie,</strong></span> <span class='ocrx_word' id='word_1_239' title='bbox 905 3565 938 3624; x_wconf 88' lang='lat' dir='ltr'><strong>et</strong></span> <span class='ocrx_word' id='word_1_240' title='bbox 953 3581 1012 3643; x_wconf 91' lang='lat' dir='ltr'><strong>pro</strong></span> <span class='ocrx_word' id='word_1_241' title='bbox 1029 3560 1078 3624; x_wconf 86' lang='lat' dir='ltr'><strong>sui</strong></span> <span class='ocrx_word' id='word_1_242' title='bbox 1101 3559 1221 3641; x_wconf 88' lang='lat' dir='ltr'><strong>ingenii</strong></span> <span class='ocrx_word' id='word_1_243' title='bbox 1238 3559 1478 3624; x_wconf 87' lang='lat' dir='ltr'><strong>exercitacionc</strong></span> <span class='ocrx_word' id='word_1_244' title='bbox 1502 3580 1537 3621; x_wconf 88' lang='lat' dir='ltr'><strong>ac</strong></span> <span class='ocrx_word' id='word_1_245' title='bbox 1636 3619 1637 3632; x_wconf 63' lang='grc'>,</span> 
     </span>
    </p>
   </div>
   <div class='ocr_carea' id='block_1_13' title="bbox 352 3665 1538 3967">
    <p class='ocr_par' dir='ltr' id='par_1_14' title="bbox 352 3665 1538 3967">
     <span class='ocr_line' id='line_1_35' title="bbox 352 3665 1538 3750; baseline -0.002 -18"><span class='ocrx_word' id='word_1_246' title='bbox 352 3669 474 3733; x_wconf 89' lang='lat' dir='ltr'><strong>honore</strong></span> <span class='ocrx_word' id='word_1_247' title='bbox 507 3675 540 3732; x_wconf 90' lang='lat' dir='ltr'><strong>et</strong></span> <span class='ocrx_word' id='word_1_248' title='bbox 568 3666 684 3732; x_wconf 88' lang='lat' dir='ltr'><strong>decore</strong></span> <span class='ocrx_word' id='word_1_249' title='bbox 708 3665 872 3732; x_wconf 89' lang='lat' dir='ltr'><strong>antedicta</strong></span> <span class='ocrx_word' id='word_1_250' title='bbox 906 3665 1051 3730; x_wconf 86' lang='lat' dir='ltr'><strong>nacionis</strong></span> <span class='ocrx_word' id='word_1_251' title='bbox 1075 3665 1206 3750; x_wconf 89' lang='lat' dir='ltr'><strong>patroni</strong></span> <span class='ocrx_word' id='word_1_252' title='bbox 1239 3665 1354 3747; x_wconf 87' lang='lat' dir='ltr'><strong>sancti,</strong></span> <span class='ocrx_word' id='word_1_253' title='bbox 1387 3665 1538 3730; x_wconf 79' lang='lat' dir='ltr'><strong>uidelicet</strong></span> 
     </span>
     <span class='ocr_line' id='line_1_36' title="bbox 352 3773 1473 3858; baseline -0.002 -18"><span class='ocrx_word' id='word_1_254' title='bbox 352 3778 439 3858; x_wconf 89' lang='lat' dir='ltr'><strong>rogis</strong></span> <span class='ocrx_word' id='word_1_255' title='bbox 463 3775 621 3857; x_wconf 79' lang='lat' dir='ltr'><strong>Ludislai,</strong></span> <span class='ocrx_word' id='word_1_256' title='bbox 645 3776 702 3858; x_wconf 91' lang='lat' dir='ltr'><strong>qui</strong></span> <span class='ocrx_word' id='word_1_257' title='bbox 717 3779 847 3839; x_wconf 89' lang='lat' dir='ltr'><strong>tantum</strong></span> <span class='ocrx_word' id='word_1_258' title='bbox 874 3779 916 3840; x_wconf 91' lang='grc'><strong>28</strong></span> <span class='ocrx_word' id='word_1_259' title='bbox 934 3774 1004 3838; x_wconf 89' lang='lat' dir='ltr'><strong>den.</strong></span> <span class='ocrx_word' id='word_1_260' title='bbox 1020 3775 1145 3857; x_wconf 88' lang='lat' dir='ltr'><strong>recepit</strong></span> <span class='ocrx_word' id='word_1_261' title='bbox 1168 3795 1227 3858; x_wconf 88' lang='lat' dir='ltr'><strong>pro</strong></span> <span class='ocrx_word' id='word_1_262' title='bbox 1245 3795 1302 3838; x_wconf 92' lang='lat' dir='ltr'><strong>esu</strong></span> <span class='ocrx_word' id='word_1_263' title='bbox 1325 3773 1473 3856; x_wconf 89' lang='lat' dir='ltr'><strong>piscium.</strong></span> 
     </span>
     <span class='ocr_line' id='line_1_37' title="bbox 461 3874 1538 3967; baseline -0.004 -19"><span class='ocrx_word' id='word_1_264' title='bbox 461 3886 533 3966; x_wconf 83' lang='lat' dir='ltr'><strong>Ego</strong></span> <span class='ocrx_word' id='word_1_265' title='bbox 566 3884 655 3967; x_wconf 87' lang='lat' dir='ltr'><strong>Mag.</strong></span> <span class='ocrx_word' id='word_1_266' title='bbox 679 3881 859 3966; x_wconf 88' lang='lat' dir='ltr'><strong>Gregorius</strong></span> <span class='ocrx_word' id='word_1_267' title='bbox 883 3883 1091 3966; x_wconf 85' lang='lat' dir='ltr'><strong>proscriptus,</strong></span> <span class='ocrx_word' id='word_1_268' title='bbox 1125 3883 1246 3948; x_wconf 87' lang='lat' dir='ltr'><strong>electus</strong></span> <span class='ocrx_word' id='word_1_269' title='bbox 1269 3887 1467 3966; x_wconf 86' lang='lat' dir='ltr'><strong>procurator</strong></span> <span class='ocrx_word' id='word_1_270' title='bbox 1493 3874 1538 3964; x_wconf 84' lang='lat' dir='ltr'><strong>[in</strong></span> 
     </span>
    </p>
   </div>
   <div class='ocr_carea' id='block_1_14' title="bbox 354 3985 1636 4076">
    <p class='ocr_par' dir='ltr' id='par_1_15' title="bbox 354 3985 1636 4076">
     <span class='ocr_line' id='line_1_38' title="bbox 354 3985 1636 4076; baseline -0.006 -17"><span class='ocrx_word' id='word_1_271' title='bbox 354 3985 420 4076; x_wconf 85' lang='lat' dir='ltr'><strong>dio]</strong></span> <span class='ocrx_word' id='word_1_272' title='bbox 445 3997 633 4056; x_wconf 73' lang='lat' dir='ltr'><strong>astrictorum</strong></span> <span class='ocrx_word' id='word_1_273' title='bbox 650 3990 799 4056; x_wconf 84' lang='lat' dir='ltr'><strong>Tiburcii</strong></span> <span class='ocrx_word' id='word_1_274' title='bbox 815 3995 847 4055; x_wconf 88' lang='grc'><strong>01</strong></span> <span class='ocrx_word' id='word_1_275' title='bbox 863 3989 1035 4056; x_wconf 85' lang='lat' dir='ltr'><strong>Valeriani</strong></span> <span class='ocrx_word' id='word_1_276' title='bbox 1054 3992 1225 4055; x_wconf 89' lang='lat' dir='ltr'><strong>martirum</strong></span> <span class='ocrx_word' id='word_1_277' title='bbox 1245 4011 1331 4054; x_wconf 88' lang='lat' dir='ltr'><strong>anno</strong></span> <span class='ocrx_word' id='word_1_278' title='bbox 1349 3989 1538 4054; x_wconf 83' lang='lat' dir='ltr'><strong>christanno</strong></span> <span class='ocrx_word' id='word_1_279' title='bbox 1635 4071 1636 4076; x_wconf 8' lang='grc' dir='ltr'>ἵ</span> 
     </span>
    </p>
   </div>
   <div class='ocr_carea' id='block_1_15' title="bbox 351 4097 1540 4506">
    <p class='ocr_par' dir='ltr' id='par_1_16' title="bbox 351 4097 1540 4506">
     <span class='ocr_line' id='line_1_39' title="bbox 356 4097 1539 4181; baseline -0.008 -14"><span class='ocrx_word' id='word_1_280' title='bbox 356 4107 451 4167; x_wconf 85' lang='grc'>1481.</span> <span class='ocrx_word' id='word_1_281' title='bbox 474 4100 586 4166; x_wconf 90' lang='lat' dir='ltr'><strong>inclite</strong></span> <span class='ocrx_word' id='word_1_282' title='bbox 612 4098 775 4181; x_wconf 86' lang='lat' dir='ltr'><strong>Ungarice</strong></span> <span class='ocrx_word' id='word_1_283' title='bbox 800 4099 953 4180; x_wconf 85' lang='lat' dir='ltr'><strong>nacionis,</strong></span> <span class='ocrx_word' id='word_1_284' title='bbox 978 4097 1140 4164; x_wconf 90' lang='lat' dir='ltr'><strong>tradendo</strong></span> <span class='ocrx_word' id='word_1_285' title='bbox 1164 4097 1249 4163; x_wconf 90' lang='lat' dir='ltr'><strong>hona</strong></span> <span class='ocrx_word' id='word_1_286' title='bbox 1282 4098 1368 4162; x_wconf 89' lang='lat' dir='ltr'><strong>dicto</strong></span> <span class='ocrx_word' id='word_1_287' title='bbox 1391 4097 1539 4162; x_wconf 87' lang='lat' dir='ltr'><strong>nacionis</strong></span> 
     </span>
     <span class='ocr_line' id='line_1_40' title="bbox 351 4201 1538 4296; baseline -0.005 -22"><span class='ocrx_word' id='word_1_288' title='bbox 351 4208 530 4275; x_wconf 78' lang='lat' dir='ltr'><strong>venorabili</strong></span> <span class='ocrx_word' id='word_1_289' title='bbox 554 4209 623 4272; x_wconf 81' lang='lat' dir='ltr'><strong>viro</strong></span> <span class='ocrx_word' id='word_1_290' title='bbox 656 4207 794 4296; x_wconf 84' lang='lat' dir='ltr'><strong>arcium</strong></span> <span class='ocrx_word' id='word_1_291' title='bbox 812 4205 996 4271; x_wconf 86' lang='lat' dir='ltr'><strong>liberalium</strong></span> <span class='ocrx_word' id='word_1_292' title='bbox 1021 4207 1179 4289; x_wconf 88' lang='lat' dir='ltr'><strong>magistro</strong></span> <span class='ocrx_word' id='word_1_293' title='bbox 1212 4205 1302 4288; x_wconf 85' lang='lat' dir='ltr'><strong>Mag.</strong></span> <span class='ocrx_word' id='word_1_294' title='bbox 1325 4201 1475 4287; x_wconf 79' lang='lat' dir='ltr'><strong>Caspero</strong></span> <span class='ocrx_word' id='word_1_295' title='bbox 1499 4205 1538 4270; x_wconf 88' lang='lat' dir='ltr'><strong>de</strong></span> 
     </span>
     <span class='ocr_line' id='line_1_41' title="bbox 352 4309 1539 4398; baseline -0.005 -16"><span class='ocrx_word' id='word_1_296' title='bbox 352 4317 450 4384; x_wconf 88' lang='lat' dir='ltr'><strong>Buda</strong></span> <span class='ocrx_word' id='word_1_297' title='bbox 472 4315 682 4397; x_wconf 88' lang='lat' dir='ltr'><strong>benemerito,</strong></span> <span class='ocrx_word' id='word_1_298' title='bbox 716 4315 819 4380; x_wconf 88' lang='lat' dir='ltr'><strong>electo</strong></span> <span class='ocrx_word' id='word_1_299' title='bbox 843 4315 1049 4398; x_wconf 88' lang='lat' dir='ltr'><strong>procuratori</strong></span> <span class='ocrx_word' id='word_1_300' title='bbox 1072 4315 1105 4378; x_wconf 93' lang='lat' dir='ltr'><strong>in</strong></span> <span class='ocrx_word' id='word_1_301' title='bbox 1130 4314 1182 4377; x_wconf 91' lang='grc'>1110</span> <span class='ocrx_word' id='word_1_302' title='bbox 1215 4313 1320 4378; x_wconf 87' lang='lat' dir='ltr'><strong>sancti</strong></span> <span class='ocrx_word' id='word_1_303' title='bbox 1344 4309 1539 4378; x_wconf 83' lang='lat' dir='ltr'><strong>Golomanni</strong></span> 
     </span>
     <span class='ocr_line' id='line_1_42' title="bbox 353 4421 1540 4506; baseline -0.005 -16"><span class='ocrx_word' id='word_1_304' title='bbox 353 4425 498 4490; x_wconf 87' lang='lat' dir='ltr'><strong>martiris</strong></span> <span class='ocrx_word' id='word_1_305' title='bbox 522 4445 605 4489; x_wconf 81' lang='grc'>1111110</span> <span class='ocrx_word' id='word_1_306' title='bbox 630 4431 797 4506; x_wconf 87' lang='lat' dir='ltr'><strong>utsupra,</strong></span> <span class='ocrx_word' id='word_1_307' title='bbox 822 4421 895 4488; x_wconf 89' lang='lat' dir='ltr'><strong>dedi</strong></span> <span class='ocrx_word' id='word_1_308' title='bbox 920 4423 1024 4488; x_wconf 87' lang='lat' dir='ltr'><strong>eidem</strong></span> <span class='ocrx_word' id='word_1_309' title='bbox 1048 4421 1291 4500; x_wconf 76' lang='lat' dir='ltr'><strong>(mecludutus,</strong></span> <span class='ocrx_word' id='word_1_310' title='bbox 1315 4441 1471 4502; x_wconf 86' lang='lat' dir='ltr'><strong>magnam</strong></span> <span class='ocrx_word' id='word_1_311' title='bbox 1497 4421 1540 4484; x_wconf 85' lang='grc'><strong>11-</strong></span> 
     </span>
    </p>
   </div>
   <div class='ocr_carea' id='block_1_16' title="bbox 352 4528 1635 4617">
    <p class='ocr_par' dir='ltr' id='par_1_17' title="bbox 352 4528 1635 4617">
     <span class='ocr_line' id='line_1_43' title="bbox 352 4528 1635 4617; baseline -0.005 -19"><span class='ocrx_word' id='word_1_312' title='bbox 352 4534 471 4598; x_wconf 90' lang='lat' dir='ltr'><strong>delicet</strong></span> <span class='ocrx_word' id='word_1_313' title='bbox 503 4539 537 4598; x_wconf 90' lang='lat' dir='ltr'><strong>ot</strong></span> <span class='ocrx_word' id='word_1_314' title='bbox 559 4553 692 4617; x_wconf 72' lang='lat' dir='ltr'><strong>paruum</strong></span> <span class='ocrx_word' id='word_1_315' title='bbox 728 4553 800 4596; x_wconf 87' lang='lat' dir='ltr'><strong>cum</strong></span> <span class='ocrx_word' id='word_1_316' title='bbox 834 4530 962 4596; x_wconf 84' lang='lat' dir='ltr'><strong>duobus</strong></span> <span class='ocrx_word' id='word_1_317' title='bbox 996 4531 1077 4595; x_wconf 89' lang='lat' dir='ltr'><strong>soris</strong></span> <span class='ocrx_word' id='word_1_318' title='bbox 1101 4535 1200 4613; x_wconf 88' lang='lat' dir='ltr'><strong>atquc</strong></span> <span class='ocrx_word' id='word_1_319' title='bbox 1234 4529 1316 4594; x_wconf 87' lang='lat' dir='ltr'><strong>duas</strong></span> <span class='ocrx_word' id='word_1_320' title='bbox 1339 4528 1538 4600; x_wconf 78' lang='lat' dir='ltr'><strong>matriculas,</strong></span> <span class='ocrx_word' id='word_1_321' title='bbox 1634 4577 1635 4608; x_wconf 70' lang='lat'><strong>,</strong></span> 
     </span>
    </p>
   </div>
   <div class='ocr_carea' id='block_1_17' title="bbox 352 4659 566 4668">
    <p class='ocr_par' dir='ltr' id='par_1_18' title="bbox 352 4659 566 4668">
     <span class='ocr_line' id='line_1_44' title="bbox 352 4659 566 4668; baseline -0.009 -2"><span class='ocrx_word' id='word_1_322' title='bbox 352 4659 566 4668; x_wconf 55' lang='grc' dir='ltr'><strong>ψ</strong></span> 
     </span>
    </p>
   </div>
   <div class='ocr_carea' id='block_1_18' title="bbox 461 4705 1317 4776">
    <p class='ocr_par' dir='ltr' id='par_1_19' title="bbox 461 4705 1317 4776">
     <span class='ocr_line' id='line_1_45' title="bbox 461 4705 1317 4776; baseline -0.007 -12"><span class='ocrx_word' id='word_1_323' title='bbox 461 4715 480 4775; x_wconf 90' lang='lat'><strong>¹)</strong></span> <span class='ocrx_word' id='word_1_324' title='bbox 500 4711 592 4764; x_wconf 76' lang='grc'>28-11111</span> <span class='ocrx_word' id='word_1_325' title='bbox 610 4713 729 4776; x_wconf 80' lang='lat' dir='ltr'><strong>jaritva.</strong></span> <span class='ocrx_word' id='word_1_326' title='bbox 749 4739 784 4750; x_wconf 45' lang='grc' dir='ltr'><strong>-ω</strong></span> <span class='ocrx_word' id='word_1_327' title='bbox 804 4710 824 4772; x_wconf 85' lang='lat'><strong>¹)</strong></span> <span class='ocrx_word' id='word_1_328' title='bbox 844 4709 970 4763; x_wconf 83' lang='lat' dir='ltr'><strong>Joonnes</strong></span> <span class='ocrx_word' id='word_1_329' title='bbox 989 4707 1022 4762; x_wconf 82' lang='lat' dir='ltr'><strong>de</strong></span> <span class='ocrx_word' id='word_1_330' title='bbox 1041 4705 1149 4760; x_wconf 78' lang='lat' dir='ltr'><strong>Pruisz</strong></span> <span class='ocrx_word' id='word_1_331' title='bbox 1170 4713 1317 4759; x_wconf 77' lang='grc'>1411-92.</span> 
     </span>
    </p>
   </div>
   <div class='ocr_carea' id='block_1_19' title="bbox 0 0 1678 5322">
    <p class='ocr_par' dir='ltr' id='par_1_20' title="bbox 0 0 1678 5322">
     <span class='ocr_line' id='line_1_46' title="bbox 0 0 1678 5322; baseline 0 0"><span class='ocrx_word' id='word_1_332' title='bbox 0 0 1678 5322; x_wconf 95' lang='lat' dir='ltr'><strong> </strong></span> 
     </span>
    </p>
   </div>
  </div>
 </body>
</html>
