3330 5324
318 373 381 436 360

318 571 419 635 etiam
443 571 486 636 ad
510 569 718 636 scribendum
736 575 769 634 et
785 568 1030 636 inscribendum
1048 570 1178 651 defecit,
1195 589 1294 653 quam
1311 569 1373 636 feci
1391 591 1506 656 emere,

319 680 397 746 folia
412 681 559 746 lacerata
575 685 607 744 et
624 681 734 746 evulsa
758 681 908 764 adligare
932 687 966 746 et
989 679 1109 746 librum
1134 681 1220 745 hunc
1242 681 1395 760 nationis,
1420 681 1506 746 anti-

253 838 259 856 t
319 791 430 874 quitus
453 795 521 855 tam
546 791 629 856 bene
653 789 861 857 observatum
885 812 925 856 ac
949 790 1158 871 custoditum,
1181 791 1215 856 in
1240 795 1369 855 tantum
1390 789 1507 855 saltem

318 899 479 965 resarcire
502 899 706 982 eundemque
730 921 803 966 cum
826 899 939 966 arcula
964 901 1095 964 domino
1128 921 1199 966 meo
1232 901 1421 981 successori,
1453 923 1508 984 po

320 1007 442 1075 stolato
466 1029 523 1092 per
545 1007 702 1091 inclytam
725 1015 873 1074 nostram
895 1010 1062 1075 nationem
1087 1011 1303 1093 procuratori,
1328 1011 1507 1076 transmisi

742 1116 875 1183 Pietate
900 1141 939 1185 ac
961 1119 1084 1186 labore.

725 1248 1000 1334 Sigismundus
1024 1248 1190 1334 Geisler,
1214 1249 1341 1320 Doctor
1364 1271 1406 1318 m.
1431 1276 1462 1340 p.

852 1471 933 1531 (1626
953 1470 987 1532 Ι.)

179 1609 227 1666 fol·
244 1619 308 1665 1⁶2³
432 1609 529 1680 Anno
570 1615 704 1682 Domini
746 1617 919 1682 millesimo
951 1619 1185 1683 sexcentesimo
1219 1621 1374 1704 vigesimo
1411 1627 1509 1702 sexto,

203 1709 281 1844 ¹⁶⁶3}
323 1743 433 1788 mense
450 1717 600 1809 [Aprili],
617 1745 677 1808 ego
700 1725 931 1792 Matthaeus
955 1724 1128 1810 Sergiam
1152 1729 1324 1810 utriusque
1344 1729 1431 1812 juris
1455 1729 1508 1794 do-

323 1835 403 1912 otor,
426 1833 612 1916 postulatus
636 1857 707 1898 sum
730 1835 765 1899 in
788 1841 1037 1917 procuratorem
1060 1835 1201 1919 inclytae
1236 1839 1380 1904 nationis
1416 1839 1507 1904 Hun-

323 1942 464 2024 garicae,
499 1963 563 2025 quo
586 1947 723 2026 peracto
747 1964 806 2006 nos
829 1946 973 2024 quatuor
996 1943 1168 2007 nationum
1192 1951 1433 2026 procuratores,
1456 1969 1508 2012 na-

323 2050 423 2114 tionis
447 2051 624 2134 primariae
648 2049 849 2116 Austriaeae
867 2051 957 2133 Mag.
978 2049 1126 2117 Joannes
1141 2049 1279 2119 Carolus
1295 2053 1509 2138 Aicbpiihler‚

325 2156 506 2222 Rhenanac
521 2159 717 2224 reverendus
734 2159 837 2224 Pater
853 2159 894 2224 N.
912 2158 1066 2244 Philippi,
1081 2157 1257 2226 Societatis
1281 2160 1307 2226 J
1308 2183 1374 2242 esu,
1399 2185 1508 2229 sacrae

324 2265 437 2346 regiae
461 2265 652 2331 Maiestatis
669 2266 866 2350 Hungariae
882 2267 1109 2348 confessarius,
1127 2265 1357 2350 Sigismundus
1374 2268 1509 2352 Geisler,

325 2373 507 2440 medicinae
523 2375 648 2456 doctor,
665 2371 853 2456 Saxonicae‚
870 2377 903 2440 in
921 2375 1097 2485 Rectorem
1121 2377 1330 2459 magnificum
1356 2379 1507 2464 elegimus

325 2481 477 2560 nobilem,
511 2489 684 2550 strenuum
717 2491 750 2550 et
781 2484 989 2568 magnificum
1022 2483 1119 2548 Dom.
1152 2484 1339 2552 Martinum
1363 2487 1507 2568 Haffner,

325 2593 500 2676 utriusque
515 2593 597 2674 juris
615 2593 781 2658 doctorem
799 2591 833 2658 et
848 2614 961 2658 sacrae
981 2591 1165 2660 Caesareae
1188 2593 1378 2660 Maiestatis
1402 2597 1437 2660 in
1459 2619 1508 2661 ex·

327 2701 410 2766 celso
434 2701 600 2767 inferioris
624 2700 784 2767 Austriae
808 2701 967 2784 regimine
991 2701 1212 2768 consiliarium
1231 2703 1467 2786 dignissimum.

435 2806 492 2874 Ab
517 2814 720 2875 antecessore
743 2830 823 2890 meo,
840 2809 936 2875 Dom.
953 2808 1163 2892 Sigismundo
1179 2809 1318 2894 Geisler,
1334 2811 1506 2878 medicinae

328 2917 472 2998 doctore,
497 2919 609 3001 accepi
634 2919 747 2984 cistam
772 2924 806 2984 et
829 2919 915 2984 hanc
937 2919 1149 2984 matriculam
1173 2919 1242 2986 sine
1266 2923 1416 3005 pecunia.

214 3155 291 3213 1626,
621 3078 727 3146 Gesta
750 3081 908 3146 nonnulla
931 3085 1009 3148 sunt
1032 3083 1221 3164 sequentia:

194 3223 253 3290 apr.
268 3225 310 3273 24.
438 3205 481 3270 In
503 3206 588 3272 festo
613 3210 717 3273 sancti
743 3205 878 3290 Georgii
902 3209 937 3272 in
953 3207 1030 3292 pagi
1045 3205 1299 3290 Leopoldstorff,
1316 3208 1509 3275 Dominaea

329 3313 452 3379 Oonzin
477 3316 611 3398 proprii,
636 3316 740 3380 vicino
765 3314 906 3398 quodam
931 3335 1011 3398 agro
1036 3313 1108 3380 fons
1133 3315 1294 3380 scaturire
1319 3319 1436 3401 coepit,
1460 3317 1509 3400 qui

276 3431 279 3440 '
329 3421 390 3487 sub
413 3423 546 3488 initium
570 3424 727 3490 mirorum
750 3425 783 3488 in
807 3422 962 3488 sanandis
986 3423 1085 3488 variis
1109 3424 1253 3507 corporis
1277 3423 1416 3489 humani
1432 3446 1508 3490 mor·

329 3529 380 3594 bis
404 3536 437 3594 et
460 3529 644 3597 defectibus
669 3529 843 3597 effectuum
877 3529 966 3595 fama
999 3529 1248 3611 celebrabatur3
1281 3536 1394 3596 utrum
1429 3532 1509 3597 fama

329 3643 440 3702 autem
464 3638 529 3702 ista
553 3660 626 3702 curn
651 3639 722 3722 ipso
746 3637 865 3704 effectu
889 3637 1053 3704 duratura
1082 3639 1135 3720 sit,
1168 3658 1207 3704 ex
1239 3637 1452 3704 ulterioribus
1480 3637 1508 3704 id

330 3747 436 3828 ipsum
461 3745 629 3813 effectibus
655 3745 792 3830 patebit.

438 3853 564 3919 Pruina
593 3875 722 3937 quoque
746 3854 846 3919 vineis
870 3859 903 3919 et
926 3853 1092 3936 segetibus
1116 3865 1269 3936 magnam
1293 3853 1509 3920 calamitatem

278 4017 283 4030 .
331 3963 453 4028 intulit.
477 3961 577 4028 Circa
599 3963 877 4044 mammingon
900 3963 1099 4028 rusticorum
1123 3983 1225 4046 supra
1248 3959 1399 4028 Onasum
1424 3982 1509 4046 supe·

330 4070 427 4134 rioris
444 4065 603 4134 Austriae
619 4069 721 4134 factio
737 4070 896 4136 nunciata
913 4069 987 4150 fuit,
1002 4071 1051 4136 ita
1067 4073 1104 4134 ut
1119 4091 1274 4136 numerus
1291 4091 1406 4135 eorum
1426 4088 1510 4135 sexa·

332 4179 424 4260 ginta
447 4182 480 4241 et
504 4179 714 4261 septuaginta
738 4177 875 4244 millium
898 4177 1176 4244 circumferretur.
1200 4177 1257 4244 Ad
1280 4177 1366 4259 banc
1385 4177 1510 4244 seditio-

332 4305 405 4349 nem
431 4284 696 4368 eomplacandam
720 4305 883 4352 unacum
907 4285 1029 4352 abbate
1062 4307 1101 4351 ex
1133 4283 1334 4364 Lilienfelda
1367 4283 1509 4348 Dominis

332 4392 376 4463 N,
398 4393 509 4458 Fuchs
533 4397 566 4458 et
589 4391 632 4458 N.
656 4390 850 4474 Griienthal,
867 4392 995 4458 consilii
1010 4393 1190 4478 imperialis
1206 4392 1435 4472 assessoribus,
1450 4411 1510 4456 ma·

191 4519 239 4575 fol.
255 4517 322 4572 raab
336 4503 474 4587 gnificus
491 4525 621 4588 quoque
644 4507 757 4568 nostor
779 4503 903 4570 Rector
926 4523 992 4570 non
1016 4504 1100 4569 citra
1124 4495 1380 4587 graviosilmum
1403 4499 1509 4566 salutis

334 4635 411 4678 suae
436 4607 616 4696 periculum
641 4632 661 4675 a
684 4631 779 4675 sacra
801 4610 980 4678 Maiestate
1004 4611 1176 4677 amandati
1199 4610 1334 4676 fuerunt
1357 4609 1465 4692 legati.
