3334 5322
378 445 441 515 212

376 641 571 737 procurator
604 650 743 734 iuturus,
773 670 815 718 ne
844 649 1020 735 contingat,
1045 649 1134 736 quod
1167 646 1312 718 officium
1345 647 1559 736 protrahatur

374 780 477 843 nsque
497 760 540 825 ad
563 761 687 842 horam,
704 782 769 844 qua
792 761 827 824 in
850 757 960 826 bursis
983 759 1174 842 comeditur,
1191 760 1465 844 quemadmodum
1482 766 1559 826 tem·

373 890 452 952 pore
467 871 533 934 isto
548 867 673 934 factum
689 869 760 950 fuit,
777 869 811 935 in
828 889 893 952 quo
917 868 1013 953 pauci
1029 869 1079 935 vel
1094 869 1189 954 quasi
1205 868 1285 936 nulli
1310 875 1559 952 cooperuerunt.

235 989 283 1044 fol.
305 991 353 1044 orb
483 976 645 1060 Proposui
669 979 702 1042 in
718 977 815 1062 plena
831 979 1090 1062 congregacione
1113 978 1257 1043 nationis
1281 999 1339 1061 pro
1363 983 1489 1042 statuto
1505 975 1560 1041 ob-

378 1085 540 1149 servando
566 1086 605 1150 de
630 1085 819 1152 coadiutore
842 1087 1070 1170 procuratoris
1093 1085 1128 1150 in
1151 1081 1228 1151 folio
1253 1091 1366 1150 octavo
1390 1079 1506 1166 ante1),
1525 1089 1561 1148 ut

378 1193 474 1259 fieret
505 1215 571 1259 una
603 1193 730 1276 cistula,
754 1195 788 1258 in
812 1215 879 1278 qua
905 1193 1039 1260 abintra
1062 1200 1148 1259 esset
1171 1213 1308 1277 parvum
1341 1194 1559 1258 intersticium

377 1323 434 1366 seu
458 1302 580 1384 ladula,
603 1324 668 1386 que
692 1302 902 1368 clauderetur
925 1302 1054 1370 duabus
1079 1302 1233 1384 clavibus,
1258 1309 1292 1368 et
1316 1303 1363 1368 ibi
1390 1323 1561 1387 reponere·

373 1415 429 1476 tur
453 1412 593 1493 pecunia
616 1410 760 1475 nationis
784 1409 966 1494 superflua3
993 1433 1070 1476 nam
1094 1411 1177 1478 alias
1200 1415 1360 1476 statutum
1384 1409 1466 1474 illud
1499 1410 1560 1474 sal-

373 1523 443 1586 vari
476 1541 541 1586 non
575 1526 694 1605 potest,
719 1539 757 1586 eo
780 1521 868 1604 quod
900 1520 935 1586 in
959 1521 1073 1586 eadem
1098 1521 1182 1586 cista
1206 1519 1345 1604 quilibet
1368 1525 1561 1603 procurator

374 1649 533 1712 reponere
566 1626 668 1692 habet
700 1645 844 1710 pannum
883 1626 1078 1708 sunamitem,
1110 1627 1292 1712 hystoriam
1330 1627 1436 1692 sancti
1474 1627 1561 1708 regis

372 1734 531 1818 Ladislai,
564 1734 756 1801 matriculas
796 1741 865 1816 etc,
899 1755 1039 1818 quorum
1072 1735 1291 1801 cottidianum
1324 1734 1424 1800 habet
1458 1757 1562 1798 usum.

374 1841 573 1908 Conclusam
597 1842 671 1924 suit,
695 1848 733 1908 ut
755 1864 816 1927 pro
840 1863 878 1908 eo
902 1843 1339 1927 convocarenturmagistri
1362 1841 1405 1906 ad
1429 1848 1559 1925 partem

373 1953 516 2017 seniores
541 1957 576 2016 et
598 1951 758 2036 quicquid
781 1952 845 2018 illis
869 1959 1055 2036 appareret,
1078 1957 1345 2038 prosequeretur.

481 2061 568 2125 Item
602 2061 805 2144 propositum
837 2061 910 2142 suit,
939 2061 1103 2144 quomodo
1137 2061 1309 2144 expediret
1340 2083 1400 2146 pro
1433 2059 1557 2125 honore

374 2169 527 2248 nationis,
551 2173 588 2232 ut
621 2173 785 2234 emeretur
818 2170 985 2252 preciosus
1018 2191 1057 2234 ac
1089 2168 1291 2234 honorabilis
1323 2169 1391 2233 sive
1423 2168 1559 2234 decorus

373 2301 501 2362 pannus
526 2276 686 2342 funeralis
709 2283 846 2360 propter
865 2277 1082 2361 plurimarum
1106 2298 1321 2361 personarum
1344 2275 1560 2357 honestatem,

373 2409 435 2470 que
459 2385 519 2452 sub
543 2385 604 2450 tali
627 2384 780 2450 defuncte
804 2385 1007 2467 deferuntur,
1031 2407 1090 2469 pro
1114 2405 1179 2468 quo
1204 2384 1342 2449 emendo
1365 2383 1460 2448 Dom.
1483 2383 1560 2448 Phi·
1636 2469 1637 2472 Ἴ

373 2496 481 2580 lippus
505 2494 545 2560 de
569 2493 753 2575 Titzsohen,
778 2495 927 2558 notarius
951 2493 1246 2577 Krempniciensis,
1270 2499 1410 2576 protunc
1434 2494 1559 2558 arcium

373 2603 585 2681 baccalarius,
617 2603 824 2686 suppositum
849 2602 995 2668 eiusdem
1017 2603 1170 2682 nationis,
1194 2601 1275 2666 dare
1298 2603 1458 2686 promisit,
1483 2601 1560 2666 dum

374 2717 545 2791 emeretur,
570 2715 583 2772 1
606 2708 676 2774 flor.
701 2709 969 2792 Hungaricalem.
991 2707 1189 2775 Conclusam
1212 2709 1277 2774 fuit
1300 2713 1337 2774 ut
1360 2731 1480 2795 supra3
1506 2709 1559 2774 sed

373 2822 452 2904 quia
474 2819 574 2904 postis
597 2818 765 2901 supposita
789 2799 955 2901 disparsit,
979 2818 1080 2901 igitur
1104 2817 1224 2882 mansit
1246 2815 1471 2882 indeductum.
1635 2887 1636 2890 Ἴ

481 2926 569 2992 Item
594 2947 634 2990 ex
658 2945 722 3008 quo
745 2924 845 2992 semel
869 2925 902 2990 in
925 2927 1112 2990 mutacione
1136 2924 1306 2990 decantari
1330 2924 1430 2991 debet
1457 2925 1560 2989 missa

374 3034 614 3115 defunctorum,
646 3033 789 3116 petitum
822 3033 894 3115 luit,
918 3037 956 3098 ut
979 3033 1255 3100 determinaretur
1277 3053 1344 3098 una
1372 3033 1441 3098 dies
1465 3041 1560 3098 certa

359 3166 433 3233 ypro
457 3143 602 3226 exequiis
634 3141 800 3226 predictis,
824 3141 914 3222 alias,
939 3145 976 3205 ut
999 3139 1111 3207 docuit
1134 3142 1345 3225 experientia,
1369 3141 1561 3224 frequenter

373 3254 438 3318 suit
461 3252 620 3336 neglecta,
637 3272 675 3315 eo
695 3249 783 3334 quod
806 3271 911 3333 neque
934 3251 977 3314 ad
1000 3257 1247 3334 procuratorem
1270 3251 1428 3335 yemalem
1452 3271 1561 3334 neque
1634 3299 1635 3306 ι

375 3359 544 3426 estivalem
570 3363 663 3422 extat
686 3357 927 3424 determinatio.
950 3356 1124 3424 Conclusio
1147 3365 1186 3424 ut
1208 3378 1318 3442 supra.

482 3464 583 3532 Anno
603 3465 734 3530 Domini
755 3465 1270 3558 millesimoquadringentesimo
1287 3467 1561 3550 quinquagesimo

359 3576 490 3658 tercio,
514 3576 548 3638 in
572 3573 625 3639 die
649 3575 756 3638 sancti
780 3573 961 3655 Chunradi,
983 3575 1191 3658 presentibus
1215 3573 1460 3640 honorabilibus
1486 3578 1563 3640 viris
1633 3645 1634 3652 ,

374 3685 465 3767 Mag.
492 3683 670 3748 Valentino
695 3683 735 3748 do
759 3681 953 3766 Capranoia,
978 3683 1117 3748 Nicolao
1142 3681 1182 3747 de
1205 3681 1362 3766 Noythod
1395 3686 1430 3746 et
1461 3680 1564 3765 Sigis-
1633 3717 1634 3791 p

373 3792 496 3857 mundo
526 3789 719 3873 Schremgin
745 3787 785 3854 de
808 3789 985 3870 Kesmark,
1009 3789 1133 3854 arcium
1158 3787 1362 3868 baccalariis,
1387 3809 1447 3870 ego
1472 3789 1563 3870 Mag.

374 3901 546 3966 ,lohannes
582 3898 797 3981 Messingslor
823 3898 865 3963 de
898 3897 1109 3978 LewtschaW,
1143 3895 1232 3962 sacta
1267 3895 1444 3961 sufficienti
1478 3917 1563 3960 com·

374 4010 559 4092 patacione,
584 4007 770 4092 presentari
802 4005 987 4072 honorabili
1011 4006 1080 4070 viro
1112 4003 1204 4089 Mag.
1228 4003 1351 4068 Thome
1376 4004 1416 4069 de
1444 4001 1563 4068 Slalm-

373 4115 462 4182 werd
490 4121 527 4180 ll
553 4115 622 4181 flor.
646 4114 886 4197 Hungaricales
909 4115 988 4178 iusti
1012 4114 1138 4178 otveri
1162 4111 1314 4194 ponderis
1337 4118 1373 4175 et
1398 4115 1437 4174 77
1468 4111 1559 4186 den.;

373 4225 451 4288 item
467 4227 488 4287 4
506 4223 659 4288 candelas
683 4243 829 4305 magnae,
853 4224 933 4286 item
953 4225 995 4285 22
1018 4241 1155 4304 parvas3
1179 4213 1258 4284 item
1282 4218 1429 4283 ladulam
1453 4219 1561 4282 nacio-

373 4333 422 4396 nis
447 4353 519 4396 cum
544 4331 692 4415 hystoria
716 4332 822 4395 sancti
845 4331 931 4412 regis
955 4328 1105 4394 Ladislai
1122 4333 1156 4393 et
1174 4349 1282 4412 panno
1298 4327 1458 4407 funerali3
1483 4327 1561 4390 item

372 4439 571 4520 matriculas,
596 4461 713 4504 novam
738 4445 772 4503 et
796 4438 985 4520 antiquam
1008 4438 1088 4502 item
1113 4437 1229 4502 claves.

258 3453 336 3510 1453,

229 3535 292 3572 nov.
312 3525 354 3570 26.

483 4713 502 4772 ¹)
520 4711 551 4761 Ῑι.
571 4705 687 4760 ldntebb
707 4724 723 4759 a
744 4713 768 4758 8.
788 4705 806 4758 l.
