3324 5326
864 657 945 717 (1502
965 657 998 718 Ι.)

183 765 313 821 folroeb
448 762 520 849 Ilgo
546 766 645 850 Mag.
676 765 873 850 Georgius
897 768 941 834 de
966 765 1113 834 Sancta
1136 765 1259 846 Anna,
1291 764 1427 850 singulis
1450 785 1524 850 per·

337 875 439 958 ceptis
463 879 497 938 et
520 875 682 957 expositis,
716 878 902 959 presentari
926 876 959 942 in
982 897 1099 942 manus
1132 873 1326 941 venerabilis
1349 874 1411 938 viri
1434 873 1523 956 Mag.

336 981 477 1046 Martini
510 980 550 1046 de
583 980 712 1048 Oibinio
748 988 766 1048 5
800 983 870 1048 flor.
894 982 1137 1067 Hungarioalos
1160 983 1195 1046 in
1219 1003 1300 1048 auro
1324 983 1358 1046 in
1382 982 1468 1047 hona
1491 987 1523 1044 et

334 1090 422 1154 iusta
438 1097 570 1156 moneta
594 1096 628 1156 et
650 1091 793 1176 pondere
817 1098 850 1156 et
875 1097 916 1158 21
942 1093 1000 1158 sol.
1023 1097 1058 1157 et
1081 1098 1149 1157 tres
1165 1091 1267 1156 libros
1284 1095 1318 1156 et
1334 1090 1416 1156 duas
1432 1089 1523 1154 ladu-
1650 1149 1651 1154 ,

334 1197 392 1279 las,
426 1197 632 1282 presentibus
665 1198 904 1264 venerabilibus
937 1201 1015 1266 viris
1048 1199 1144 1264 Dom.
1173 1197 1317 1282 Georgio
1341 1198 1460 1263 Mandl
1483 1220 1522 1263 ex

334 1306 485 1387 Posonio‚
505 1307 591 1390 juris
615 1305 772 1389 pontificii
798 1307 939 1388 doctore,
955 1306 1046 1390 Mag.
1070 1306 1097 1372 J
1098 1307 1200 1372 odoeo
1217 1307 1257 1372 de
1273 1307 1366 1390 Egra
1383 1311 1417 1372 et
1434 1306 1522 1390 Mag.

334 1412 473 1478 Andrea
506 1413 545 1478 de
579 1413 782 1494 Kremnicia,
815 1417 917 1480 tercia
949 1415 1031 1480 feria
1062 1415 1211 1499 proxima
1234 1421 1307 1498 post
1331 1415 1449 1480 festum
1472 1436 1522 1478 re·

202 1517 314 1650 53⁰³ss
336 1522 530 1588 surectionis
562 1521 705 1604 Domini,
739 1544 824 1588 anno
849 1523 981 1589 Domini
1007 1528 1066 1588 etc.
1090 1523 1349 1606 quingentesimo
1382 1521 1522 1586 seeundo

855 1723 935 1780 (1502
955 1723 1003 1782 11.)

220 1842 299 1890 1503.
336 1835 369 1893 et
393 1831 495 1894 tercio
518 1831 552 1894 in
576 1851 676 1894 unum
706 1835 894 1914 computum
926 1829 1071 1894 redactis
1094 1851 1115 1894 a
1138 1828 1316 1896 venerabili
1340 1829 1411 1895 viro
1434 1829 1522 1911 Mag.

333 1935 1257 2021 supranominatoetDomDootoreGeorgioMandel
1277 1937 1522 2003 Pusoniensi.

853 2136 933 2194 (1503
954 2135 986 2193 Ι.)

441 2241 487 2312 Et
506 2269 565 2330 ego
595 2247 702 2330 Mag.
723 2246 952 2313 Martinus
972 2247 1412 2334 (lapiuiuspreseutihus
1437 2275 1525 2318 reeo-

334 2377 452 2438 gnoseo
469 2377 521 2420 me
537 2356 720 2438 percepisse
730 2355 988 2438 suprascriptam
1004 2357 1218 2440 pecuniarum
1234 2379 1395 2424 summam
1412 2361 1522 2424 eodem

334 2463 386 2529 die
410 2471 443 2528 et
466 2485 552 2528 anno
572 2465 621 2529 uti
646 2485 759 2548 supra,
782 2464 987 2546 presentibus
1010 2465 1148 2548 prefatis
1172 2466 1421 2534 honorabilibus
1438 2469 1525 2533 viris.

856 2661 1003 2722 (150011.)

443 2769 540 2838 1504.
572 2773 644 2856 Ego
671 2773 779 2856 Mag.
805 2772 1044 2839 Anndreas
1077 2771 1440 2840 Cremnioiensis
1464 2774 1524 2838 feri

333 2882 498 2945 racionem
523 2880 618 2944 Dom.
642 2881 848 2965 procuratori
876 2881 965 2962 Mag.
988 2879 1525 2961 ,101111111181000010001010111-
1653 2909 1654 2932 1

334 2989 417 3070 gulis
442 2987 615 3054 defalcatis
639 2989 852 3071 det'eleandis‚
877 2989 1050 3073 obligabor
1067 2992 1194 3056 nacioni
1221 2995 1260 3056 11
1286 2991 1357 3056 den.
1383 2989 1526 3056 Wienn„

334 3119 416 3180 quas
448 3099 634 3180 presentari
667 3099 735 3162 sine
767 3120 869 3180 mora,
902 3099 1108 3183 presentibus
1140 3099 1260 3166 ibidem
1284 3097 1526 3163 venerabilibus

336 3206 413 3270 viris
437 3205 528 3289 Mag.
546 3205 699 3270 dohanne
717 3199 785 3290 [de]
803 3201 909 3287 1111111,
934 3207 1024 3289 Mag.
1050 3203 1197 3290 Georgio
1214 3207 1253 3272 de
1272 3205 1468 3290 Wsskapull
1492 3212 1527 3269 et

334 3313 424 3396 Mag.
449 3312 597 3380 Steffano
615 3336 655 3378 ex
670 3309 855 3394 Kolobwar,
880 3315 1067 3397 specialiter
1091 3315 1134 3380 ad
1157 3315 1216 3380 heo
1238 3316 1362 3380 uocatis
1386 3321 1418 3379 et
1440 3316 1526 3398 peti·

220 3393 296 3452 ¹⁵⁰⁴’
336 3422 388 3502 tis,
414 3421 465 3484 die
490 3427 611 3502 quarta
634 3421 856 3502 Pentecostes,
881 3443 946 3505 que
969 3427 1042 3486 erat
1065 3425 1097 3486 4.
1120 3421 1277 3488 kalendas
1300 3422 1384 3486 Maii
1396 3419 1432 3502 ¹),

191 3461 257 3524 maj.
273 3467 315 3512 29.

865 3625 947 3683 (1504
967 3617 1000 3688 1.)

442 3729 533 3796 Illud
545 3733 631 3798 idem
643 3755 703 3815 ego
720 3733 820 3818 Mag.
836 3733 862 3798 J
868 3754 1020 3800 oannes
1040 3729 1356 3797 Stubenrauch
1373 3731 1528 3797 Cremo·

334 3861 356 3903 11
368 3861 384 3905 0
395 3862 416 3904 11
428 3863 442 3904 s
453 3843 489 3906 is
506 3838 541 3924 (i)
558 3863 610 3906 me
628 3842 734 3906 fateor
759 3843 943 3926 percepisse
959 3863 979 3905 a
995 3839 1177 3906 venerabili
1193 3840 1262 3904 viro
1281 3839 1374 3922 Mag.
1388 3839 1528 3905 Andree

334 3947 503 4032 Meyxner‚
543 3956 581 4014 ut
620 3972 729 4032 supra,
769 3949 976 4034 presentibus
1010 3947 1131 4013 ibidem
1163 3947 1412 4012 honorabilibus
1445 3949 1528 4012 siris

335 4059 611 4143 supranominatis
636 4064 669 4123 et
693 4057 735 4123 ad
759 4057 820 4122 hoc
844 4059 1030 4142 specialiter
1053 4058 1164 4142 petitis
1189 4062 1222 4122 et
1245 4058 1379 4121 vocatis.

220 4140 297 4196 1504,

197 4207 259 4270 jen.
280 4211 304 4256 5,
444 4167 530 4232 Item
549 4187 634 4232 anno
654 4170 749 4248 1504,
764 4165 846 4232 feria
862 4171 991 4249 quarta,
1008 4187 1072 4250 que
1089 4163 1152 4230 fuit
1168 4163 1349 4248 profestum
1365 4162 1527 4247 Corporis

334 4275 470 4356 Christi,
485 4277 632 4359 peraceio
649 4297 723 4340 cum
740 4275 885 4358 exequiis
902 4275 1080 4340 solenniter
1093 4266 1291 4357 ce[le]brata
1301 4272 1367 4336 fuit
1377 4269 1528 4356 Georgia

334 4383 374 4448 do
407 4382 554 4467 Nadjula
586 4385 639 4467 pie
671 4382 912 4448 recordacionis
936 4388 1019 4467 aput
1042 4381 1180 4446 Fratres
1204 4378 1442 4458 Predioatores,
1468 4380 1529 4462 qui

333 4492 463 4556 nacioni
487 4489 663 4556 secundum
688 4495 851 4556 statutum
874 4489 967 4555 dedit
992 4493 1010 4554 3
1037 4489 1093 4554 sol.
1118 4495 1151 4554 et
1175 4493 1194 4553 6
1219 4487 1290 4552 den.

334 4661 545 4672 ----..-—

443 4755 462 4816 ¹)
483 4750 602 4806 Olvesd:
623 4749 729 4804 Juuii!
