3296 5328
429 495 570 560 Thomas
594 492 635 559 de
658 493 804 577 Indenea,
829 492 920 558 dedit
948 497 963 558 1
988 515 1036 577 gr.

429 605 549 671 Petrus
572 604 705 671 Walter
729 605 769 672 de
793 605 939 690 Brunna,
963 605 1055 670 dedit
1081 601 1097 664 l
1123 625 1175 688 gr.

429 715 576 782 Jacobns
599 713 758 782 Ozimmer
781 717 821 782 de
844 717 1049 800 Keetewilcz,
1072 715 1164 784 dedit
1188 720 1207 780 2
1235 736 1283 798 gr.

430 821 621 890 Anthonins
644 823 795 908 Begsner
819 825 859 890 de
883 823 1021 908 (lerona,
1045 825 1138 894 dedit
1164 829 1179 890 1
1207 846 1253 908 gr.

430 932 601 999 Johannss
624 928 860 998 Knoblissdorff
880 935 920 999 de
943 931 1067 1015 Glotcz,
1092 933 1182 1004 dedit
1207 938 1294 1018 lgr.

430 1041 626 1108 Ambrosius
649 1040 762 1110 Decan
786 1042 826 1108 de
851 1041 940 1110 Albe
963 1043 1090 1127 Regali,
1115 1043 1208 1108 dedit
1234 1047 1250 1107 1
1276 1065 1327 1126 gr·v

429 1151 598 1217 Martinus
621 1145 781 1218 Brwnner
804 1152 845 1218 de
869 1151 1080 1234 Rakendorff,
1105 1152 1197 1218 dedit
1223 1155 1239 1216 1
1266 1175 1314 1235 gr.

430 1271 500 1343 Sub
523 1280 717 1362 procuracia
740 1278 830 1362 Mag.
846 1279 941 1344 Petri
966 1279 1006 1344 de
1030 1277 1177 1363 Apoldia
1200 1277 1374 1344 Inferiori:

430 1385 655 1470 Sigismondus
679 1387 818 1452 Krewcz
842 1387 882 1451 de
905 1383 1042 1468 (lerona,
1066 1385 1158 1454 dedit
1180 1391 1199 1450 -1
1227 1407 1274 1470 gr.
1410 1391 1412 1408 ²

428 1491 583 1561 Andreas
607 1493 803 1562 Thomeeter
827 1495 867 1560 de
892 1495 988 1578 Zeelr,
1014 1495 1107 1560 dedit
1132 1498 1147 1558 1
1181 1515 1227 1578 gr.

428 1603 553 1668 Paulus
577 1603 616 1668 de
640 1602 790 1685 ZebozIO,
816 1601 908 1668 dedit
933 1609 951 1669 2
977 1625 1023 1688 gr.

428 1710 596 1776 Dionisius
619 1711 703 1777 Paxi
727 1711 767 1775 de
791 1711 938 1791 Nadesd
962 1711 1052 1777 dedit
1078 1718 1092 1774 1
1120 1733 1166 1795 gr.

362 1887 365 1890 .
428 1818 550 1885 Petrus
573 1818 658 1886 filius
681 1819 750 1886 Jan
774 1821 815 1884 de
839 1819 993 1901 Zarabia,
1017 1821 1110 1886 dedit
1136 1825 1151 1885 l
1178 1842 1226 1903 gr.

405 1940 500 2012 ,Sub
524 1949 717 2030 precuraeia
740 1947 830 2030 Mag.
861 1946 1034 2013 Michaelis
1057 1948 1098 2012 de
1127 1947 1266 2032 Felreth,
1298 1967 1383 2012 anno
1405 1945 1501 2010 lviii⁰z

428 2053 586 2120 Nicotaus
610 2051 739 2120 Othner
763 2054 803 2120 de
827 2050 1010 2138 Ozlebings,
1035 2054 1126 2121 dedit
1152 2059 1168 2119 1
1195 2077 1242 2137 gr.

326 2213 332 2224 .
429 2161 597 2226 Johennes
621 2159 839 2245 Symankcnis
863 2161 902 2228 de
925 2159 1097 2244 Orumlanv,
1121 2162 1214 2229 dedit
1239 2166 1255 2226 1
1286 2183 1334 2244 gr.

388 2304 393 2344 ;
428 2269 454 2342 J
456 2269 601 2340 ohannes
624 2270 804 2336 Welicanis
828 2271 868 2337 de
892 2269 1043 2354 Canama,
1068 2272 1160 2337 dedit
1187 2277 1202 2336 1
1229 2293 1278 2356 gr.

429 2377 571 2443 Thomas
596 2379 796 2462 Reyohawer
820 2379 860 2444 de
884 2377 1052 2463 Bndweys,
1077 2381 1168 2446 dedit
1194 2385 1209 2444 1
1241 2401 1291 2462 gr.

428 2487 571 2553 Michael
595 2487 635 2552 de
659 2487 771 2567 Busla,
796 2486 888 2552 dedit
912 2495 931 2554 2
958 2511 1004 2572 gr.

428 2593 625 2660 Benedictus
650 2593 689 2659 de
713 2595 854 2674 Kereus,
879 2595 970 2660 dedit
997 2602 1012 2661 1
1038 2618 1085 2678 gr.

428 2701 600 2766 dohannes
625 2703 664 2766 de
688 2701 810 2768 Sancto
834 2703 990 2784 Martiae,
1015 2703 1105 2768 dedit
1132 2709 1147 2768 1
1179 2726 1226 2786 gr.

429 2821 500 2893 Sub
523 2830 715 2911 procuracia
738 2829 828 2914 Mag.
845 2829 1009 2895 «iohannis
1033 2829 1269 2915 de'Goltperg,
1292 2851 1379 2896 anno
1406 2829 1495 2896 lviii⁰:

427 2935 596 3001 Martinus
619 2935 833 3020 Mlgelbrecht
856 2937 897 3002 de
920 2937 1067 3017 Lobana,
1092 2938 1182 3004 dedit
1209 2943 1224 3002 1
1251 2959 1297 3021 gr.

428 3045 548 3110 Petrus
572 3046 696 3129 Perger
720 3046 760 3110 de
784 3045 1009 3127 Yegersderff,
1038 3045 1129 3111 dedit
1155 3047 1175 3109 1'
1197 3069 1244 3130 gr.

428 3163 498 3234 Sub
522 3173 715 3254 procuracia
732 3171 821 3254 Mag.
840 3171 936 3236 Pauli
961 3162 1103 3237 Rdtclrin
1129 3171 1168 3236 de
1192 3169 1323 3238 (lerona
1342 3171 1496 3236 intitulati

320 3285 397 3344 sunt
420 3279 597 3344 baccalarii
621 3280 841 3363 infrascripti:

427 3387 597 3452 Emericus
622 3381 689 3472 [de]
713 3385 899 3471 Onestregh,
923 3389 1015 3454 dedit
1037 3409 1194 3472 grossum.

372 3536 398 3546 ··
427 3494 631 3578 Allexander
654 3497 787 3562 Hebrer
811 3498 850 3562 de
875 3497 1100 3577 Wratislavia,
1117 3498 1216 3562 dedit
1240 3517 1396 3580 grossum.

427 3604 571 3669 'Michael
595 3597 772 3670 Wesedder
795 3606 834 3670 de
858 3605 980 3684 insula,
1005 3605 1095 3670 dedit
1118 3625 1274 3688 gressum.

426 3711 583 3778 Nicolane
609 3715 649 3778 de
673 3713 882 3794 Mesnecknd,
907 3713 997 3780 dedit
1026 3736 1181 3798 grossum.

412 3821 580 3887 ,Andreas
605 3823 644 3886 de
669 3821 759 3889 Alba
783 3823 908 3905 Regali,
934 3824 1026 3889 dedit
1049 3845 1206 3907 grossum.

427 3930 568 3994 Michael
593 3931 633 3995 de
657 3931 835 4012 Beretnrne,
860 3931 952 3996 (ledit
967 3953 1127 4014 gressum.

180 3159 245 3221 lddss
266 3153 278 3201 I
306 3215 309 3221 Ι

180 4037 288 4086 ¹⁴l⁹¹¹
427 4049 496 4121 Sub
530 4060 720 4140 prccnraeia
752 4059 842 4140 Mag.
876 4057 1000 4122 Tlieme
1033 4058 1072 4122 de
1095 4056 1225 4123 Oibinio
1251 4057 1410 4123 intitulati
1426 4061 1495 4120 sunt

318 4163 496 4229 liaccalarii
520 4164 730 4248 infrascripti,
755 4188 840 4231 anno
865 4171 924 4231 etc.
947 4167 1004 4230 lx⁰.

426 4271 630 4338 Lanrencius
655 4271 732 4338 Oce-i
757 4273 796 4338 de
819 4273 1014 4356 Orumpacli,
1038 4273 1130 4338 dedit
1155 4281 1174 4339 2
1199 4295 1247 4358 gr.

426 4379 549 4444 Paulus
573 4381 612 4446 de
634 4379 815 4462 Novavilla,
841 4381 933 4446 dedit
960 4385 975 4444 1
1001 4403 1048 4464 gr.

426 4481 495 4551 Sus
520 4491 710 4571 prsenraeia
733 4489 823 4572 Mag.
847 4487 982 4554 Andree
1007 4489 1047 4554 dc
1071 4489 1234 4572 Psarekye
1250 4489 1407 4554 intitulati
1424 4493 1494 4552 sunt

317 4597 492 4660 liarcalarii
517 4595 720 4679 infrascripti
744 4615 828 4659 1110
853 4601 914 4662 etc.
937 4597 1001 4661 lx⁰:
1101 4609 1103 4613 “

178 4456 245 4502 ileo
268 4453 282 4500 Ι
