3324 5326
1260 415 1324 480 345

136 613 195 681 23.
220 615 329 681 Moli<
342 635 356 697 ,·
378 616 413 680 in
436 615 540 682 altero
564 615 670 682 latere
695 615 820 682 ciconia
842 615 894 682 vel
917 636 996 700 grus
1012 616 1046 680 in
1062 621 1170 682 rostro
1187 637 1326 700 anguem

138 731 232 793 tenet
256 747 329 792 curn
353 727 415 791 hac
438 723 667 809 inscriptione:
694 723 861 792 »Salutem
885 747 925 791 cor
949 724 1102 792 inimicis
1123 725 1277 794 nostris«
1374 799 1439 845 ml

248 837 291 901 In
314 836 399 902 festo
423 835 648 944 sanctissimae
671 833 847 902 Trinitatis
871 835 1022 906 Viennae
1038 838 1080 904 ob
1097 837 1236 905 feliciter
1252 860 1325 922 per·
1345 865 1410 934 mg,
1432 833 1473 919 2¹9,

137 952 249 1012 actam
274 948 361 1030 regis
385 944 564 1012 Bohemiae
588 946 830 1011 coronationem
854 946 985 1030 publica
1008 947 1202 1031 supplicatio
1234 947 1327 1012 insti·

136 1055 258 1136 tuitnr,
281 1055 444 1138 processio
468 1053 508 1118 fit
539 1075 578 1120 ex
610 1054 692 1119 aede
717 1074 812 1119 sacra
837 1051 1155 1136 Augustinienorum
1180 1056 1222 1122 ad
1246 1061 1326 1121 tem-

136 1163 231 1246 plum
256 1164 361 1228 sancti
385 1161 556 1230 Michaelis
590 1169 624 1228 et
647 1163 766 1230 beatae
799 1163 929 1229 Mariae
952 1163 1103 1247 Virginis
1136 1164 1179 1230 ad
1212 1162 1326 1232 Scotos

135 1292 244 1355 usque
268 1272 309 1337 011
333 1271 556 1336 cathedralem
580 1272 749 1337 ecclesiam
772 1272 877 1337 sancti
901 1269 1070 1356 Stephani,
1094 1273 1150 1340 ubi
1165 1273 1208 1339 ad
1225 1295 1326 1358 popu·

134 1379 216 1459 lum,
235 1383 293 1464 qui
310 1380 593 1465 frequentissimus
610 1385 817 1462 convenerat,
833 1380 975 1446 habetur
990 1382 1118 1464 conoi03
1142 1401 1206 1466 qua
1222 1381 1326 1460 finita,

134 1488 279 1573 hymnus
310 1487 558 1569 Ambrosianus,
594 1487 661 1554 »Te
685 1488 795 1554 Deum
818 1487 1014 1554 laudamus«
1038 1495 1179 1572 vocatus,
1203 1489 1327 1555 suauis-

134 1599 223 1662 sima
257 1597 380 1662 musica
402 1596 547 1680 figurata
571 1596 709 1678 canitur,
738 1597 879 1679 organis,
911 1597 1001 1661 tubis
1026 1603 1058 1662 et
1080 1597 1244 1680 tympanis
1267 1618 1326 1682 per

134 1707 226 1771 vices
258 1705 547 1771 intersonantibus.
580 1704 708 1770 Deinde
741 1725 870 1770 sacrum
898 1706 1017 1770 missae
1040 1704 1183 1770 officium
1206 1725 1326 1787 magna

135 1815 337 1880 solennitate
360 1811 548 1878 celebratur
571 1817 673 1896 atque
689 1811 750 1878 sub
766 1813 895 1878 initium
912 1817 1027 1878 00111110
1046 1809 1184 1876 »Gloria
1206 1795 1247 1877 ia
1271 1832 1326 1878 esc·

134 1919 234 1988 celsis
258 1921 349 1987 Deo<
374 1943 434 2005 per
457 1920 690 2005 praesidiarios
723 1920 843 1986 milites
865 1927 917 1985 ter
940 1921 1094 2004 sclopeta,
1127 1942 1201 1986 mox
1225 1922 1326 1985 etiam

135 2032 237 2095 toties
255 2031 380 2096 maiora
396 2035 561 2095 tormenta
576 2027 695 2096 bellica
711 2029 744 2094 in
759 2049 852 2094 muro
869 2029 1010 2094 civitatis
1025 2029 1184 2113 disposita
1205 2049 1325 2112 magno

135 2138 274 2221 fragore
298 2143 527 2204 exonerantur.

247 2245 313 2310 Die
337 2251 388 2310 28.
414 2244 559 2328 Augusti
581 2265 683 2310 novus
706 2267 763 2309 rex
781 2243 957 2312 Bohemiae
973 2243 1085 2327 Praga
1100 2246 1132 2310 in
1151 2243 1324 2310 Lusatiam
1346 2311 1363 2346 a

136 2357 172 2416 et
197 2351 347 2418 Silesiam
371 2352 590 2436 proficiscitur
613 2375 633 2419 a
657 2351 799 2418 subditis
822 2351 991 2418 fidelitatis
1020 2353 1243 2436 juramentum
1273 2372 1325 2416 ac·

136 2465 304 2545 cepturus.

1365 2229 1441 2286 1011,

1383 2309 1410 2362 g.
1425 2299 1467 2347 28.

598 2546 671 2617 Deo
696 2558 729 2618 et
752 2547 873 2617 labore.

518 2667 626 2760 Mag.
649 2675 857 2744 Andreas
880 2677 1160 2744 Prudentius
1185 2699 1226 2741 m.
1249 2699 1279 2760 p.

662 2893 741 2954 (1011
761 2893 810 2955 IL)

247 3033 342 3104 Anno
377 3037 510 3104 Domini
542 3036 711 3122 MDOXI,
743 3061 803 3123 pro
836 3040 1018 3105 mutatione
1042 3038 1193 3122 hyemali,
1216 3039 1251 3102 in
1275 3037 1326 3102 die
1345 3031 1392 3086 fol.
1407 3031 1472 3084 ¹52l

134 3149 246 3212 sancti
277 3145 480 3226 Oolomanni,
513 3167 573 3230 ego
606 3145 925 3230 sigismundus
958 3145 1151 3229 Geisler,
1185 3145 1326 3230 philoso·
1345 3111 1465 3230 ,1,ῗῖῗᾶ

134 3255 238 3340 phiae
262 3275 301 3319 ac
315 3253 473 3338 medicine
497 3253 621 3335 doctor,
645 3255 766 3321 electus
782 3278 852 3320 sum
868 3257 902 3320 in
919 3261 1168 3342 procuratorem
1183 3255 1326 3319 nationis

133 3362 340 3444 Hungarioe‚
364 3383 429 3445 quo
462 3362 575 3427 eodem
609 3361 662 3428 die
695 3385 754 3446 per
778 3384 829 3427 me
852 3370 886 3428 01
909 3370 1055 3428 caeteros
1078 3363 1227 3430 dominos
1250 3363 1325 3429 reli·

134 3493 279 3555 quarum
302 3471 473 3536 nationum
496 3477 725 3553 procuratores
748 3473 886 3554 rectorio
904 3472 1057 3556 dignitati
1073 3471 1326 3556 arohigymnasii

133 3581 243 3644 nostri
267 3578 454 3662 praefectus
478 3584 529 3644 est
552 3577 728 3645 admodum
751 3580 957 3661 reverendus,
981 3579 1099 3646 nobilis
1123 3601 1162 3646 00
1186 3581 1326 3646 clarissi-

132 3707 210 3752 mus
234 3687 329 3752 Dom.
352 3686 378 3752 J
380 3708 501 3752 oannes
524 3685 690 3772 Oasparus
718 3685 876 3771 Strcdele,
908 3696 1139 3754 sacrosanctae
1163 3689 1325 3772 theologie

134 3795 254 3860 doctor
277 3802 311 3860 et
334 3796 508 3862 canonicus
531 3795 737 3864 Viennensis.

247 3901 304 3969 Ab
328 3909 535 3969 antecessore
559 3908 693 3986 praeter
716 3903 803 3968 hunc
826 3903 947 3970 librum
970 3908 1080 3990 accepi
1104 3906 1194 3971 nihil.

246 4011 372 4078 Eadem
405 4012 468 4078 hec
499 4013 664 4096 provintia
695 4032 747 4076 me
780 4012 950 4096 fungente,
981 4013 1066 4080 libro
1099 4016 1243 4080 nationis
1278 4017 1325 4080 in-

133 4119 281 4204 scriptus
305 4125 356 4185 est
383 4121 516 4186 unicus:

246 4227 446 4294 Laurentius
470 4228 645 4313 Schilpaoh
677 4225 903 4294 Olomucensis
928 4229 1095 4312 Moravus,
1119 4231 1210 4296 dedit
1236 4235 1254 4294 3
1280 4253 1325 4297 cr.

248 4334 464 4404 Serenissima
492 4358 532 4402 ao
554 4337 732 4403 lectissima
765 4337 924 4422 Princeps
948 4359 988 4403 ao
1011 4338 1150 4420 domina,
1183 4337 1334 4430 Domina

133 4445 250 4527 Anna,
276 4447 476 4512 serenissimi
508 4447 693 4512 archiducis
717 4445 922 4512 Fordinandi
946 4469 984 4512 ex
1008 4446 1111 4512 Anna
1132 4446 1324 4530 Catharina,

133 4553 231 4618 ducis
248 4553 388 4635 Mantus
404 4552 482 4636 filia,
506 4553 665 4619 archidux
689 4551 826 4636 Austris
843 4561 912 4635 eto,
937 4555 1133 4620 serenissimi
1149 4577 1187 4620 ac
1211 4562 1325 4638 poten-

133 4661 255 4724 tissimi
279 4661 444 4744 Principis
468 4684 507 4727 ao
528 4661 658 4744 domini,
683 4661 778 4726 Dom.
802 4661 952 4728 Mathiae
976 4662 1034 4744 ΙΙ,
1058 4663 1235 4746 Pannonia,
1260 4663 1325 4728 Bo-
