3324 5326
1283 459 1345 521 315

161 673 298 737 scopum
322 650 547 718 Cheimensem
571 651 736 736 reductus,
760 675 850 738 spem
875 653 1075 720 Polonorum
1099 653 1139 720 de
1158 655 1348 739 juramento

160 761 228 826 illis
252 762 451 846 praestando
467 763 596 829 irritam
621 763 698 829 fecit
714 769 822 848 atque,
837 763 902 829 illis
917 761 1092 828 honorifice
1109 762 1258 846 dimissis,
1280 785 1348 830 sese

160 873 199 938 in
221 873 408 940 libertatem
431 875 581 942 asseruit.

271 979 420 1066 Quorum
443 985 574 1050 nomina
598 983 658 1050 sub
682 985 743 1050 hac
766 983 997 1069 procuratione
1012 983 1045 1048 in
1071 982 1181 1049 album
1205 983 1346 1048 nationis
1366 985 1413 1042 fol.
1430 989 1495 1042 asub

140 1091 260 1157 buius
283 1091 390 1157 relata
413 1097 489 1157 sunt
513 1098 548 1158 et
570 1097 729 1176 quantum
762 1081 902 1175 quilibet
925 1113 985 1177 pro
1007 1092 1221 1176 inscriptione
1244 1093 1348 1174 solvit,

160 1199 239 1264 vide
262 1219 362 1283 supra
378 1199 432 1266 fol.
453 1205 515 1265 130
527 1197 563 1283 ¹).
587 1201 763 1266 Pecuniam
789 1200 831 1265 ab
855 1200 1021 1284 inscriptis
1044 1206 1214 1285 acceptam
1238 1201 1348 1267 claris·

160 1308 245 1374 simo
269 1305 365 1373 Dom.
385 1305 522 1374 Doctori
547 1305 704 1404 Andreae
728 1307 870 1391 Nigrino
894 1307 1026 1373 tradidi.
1050 1305 1122 1374 Deo
1146 1309 1259 1392 gloria.

755 1417 862 1501 Mag.
885 1415 1022 1522 Vitus
1046 1415 1295 1484 Schiesser

272 1553 367 1625 Anno
391 1561 526 1626 Domini
554 1559 900 1643 MDLXXXIX,1n
924 1563 994 1648 ipso
1024 1564 1130 1630 sancti
1104 1536 1416 1630 tOolomanni158
1365 1539 1434 1657 ok?
1444 1610 1485 1660 1³

160 1668 256 1750 festu
289 1689 348 1752 ego
382 1667 589 1738 Andreas
622 1670 829 1754 Isingius
867 1667 1107 1755 Brigensis
1140 1663 1435 1756 Silesius,

160 1776 388 1860 philosophiae
417 1800 456 1844 ac
488 1779 670 1845 medicinae
703 1779 778 1844 doct
764 1784 825 1860 tor,
867 1779 1119 1864 archigymnasii
1151 1779 1348 1849 Viennensis

161 1881 370 1952 Graecarum
397 1887 570 1954 literarum
602 1887 767 1972 professor
799 1887 976 1971 primarius
1007 1909 1131 1954 necnon
1155 1889 1347 1955 xenodochii

124 2039 126 2042 -
160 1989 317 2060 Caesarei
359 1993 479 2061 ibidem
521 1997 672 2080 physicus
705 1995 901 2078 ordinarius,
944 1997 1104 2064 communi
1142 1995 1345 2064 dominorum

159 2105 422 2170 consiliariorum
467 2104 623 2189 suffragio
661 2105 694 2170 in
730 2111 976 2189 procuratorem
1014 2106 1155 2190 inclytae
1202 2107 1346 2173 nationis

160 2211 350 2296 Ungaricae
361 2213 492 2295 electus,
502 2213 544 2279 ab
555 2218 763 2279 antecessore
773 2235 844 2278 meo
854 2211 950 2278 Dom.
965 2213 1055 2300 Mag.
1073 2211 1154 2281 Vito
1170 2212 1346 2297 Schiesser,

159 2320 382 2388 archiducalis
408 2322 536 2405 collegii
559 2321 668 2407 priore
685 2321 876 2403 venerabili,
899 2327 1031 2406 praeter
1054 2322 1174 2388 librum
1197 2328 1346 2388 actorum
1386 2401 1389 2412 ‚

158 2431 195 2494 et
219 2429 261 2493 29
281 2451 324 2495 cr.
340 2429 422 2498 nihil
445 2429 565 2516 accepi,
589 2451 687 2514 quam
711 2429 841 2514 quidem
865 2451 1024 2496 summam
1048 2451 1210 2497 unacum
1236 2435 1276 2497 19
1301 2455 1345 2498 cr.

161 2535 208 2601 ab
232 2536 398 2622 inscriptis
422 2540 550 2604 aerario
574 2545 688 2606 nostro
712 2537 838 2604 collatis
862 2537 1007 2622 mihique
1031 2537 1148 2634 oblatis
1171 2539 1344 2623 magnifico

157 2645 256 2710 Dom.
266 2717 270 2724 ,
280 2643 436 2714 Andreae
452 2647 602 2732 Nigrino,
609 2647 693 2732 juris
703 2649 875 2733 utriusque
892 2649 1029 2730 doctori,
1039 2647 1197 2734 bonafide
1213 2649 1345 2731 tradidi,

156 2759 199 2820 ut
222 2755 269 2818 ita
302 2753 335 2818 in
368 2761 486 2839 parata
509 2758 648 2841 pecunia
671 2778 692 2822 a
714 2779 766 2822 me
798 2756 960 2840 acceperit
993 2758 1037 2821 48
1071 2778 1116 2822 cr.
1145 2753 1343 2825 Venerabile

156 2864 295 2950 insuper
324 2865 551 2932 consistorium
584 2866 729 2932 consiliis
761 2866 841 2932 meis
863 2864 1153 2950 qualibuscunque,
1185 2871 1343 2949 quantum
1390 2861 1391 2864 ’
1465 2857 1467 2860 ’

155 2969 192 3035 in
216 2991 267 3036 me
292 2971 363 3054 fuit,
386 2970 528 3037 fideliter
550 2972 625 3037 invi.

269 3077 431 3164 Tempore
447 3101 539 3145 meae
555 3080 798 3163 procurationis
814 3079 895 3145 nihil
911 3079 991 3146 adeo
1007 3079 1175 3165 singulare
1198 3081 1343 3148 euenisse

154 3187 299 3268 memini,
322 3187 411 3270 quod
434 3188 468 3253 in
491 3193 567 3254 acta
590 3188 671 3255 haec
694 3189 813 3254 referri
835 3190 1005 3273 potuisset.

270 3295 385 3361 Trium
427 3297 649 3364 studiosorum
689 3297 829 3380 nomina,
862 3297 923 3362 sub
955 3297 1017 3362 hac
1049 3299 1277 3382 procuratione
1308 3300 1343 3364 in

154 3401 271 3469 album
295 3405 439 3471 nationis
462 3405 576 3485 relata,
599 3403 673 3470 uide
696 3425 797 3488 supra
819 3403 873 3470 fol.
899 3399 1011 3487 131³).

842 3509 1051 3578 Andreas
1075 3513 1296 3599 Isingins.

1013 3621 1125 3674 Doctor.

265 3739 361 3812 Anno
393 3745 527 3813 Domini
541 3741 827 3828 'MDLXXXX,
851 3747 884 3812 in
907 3748 1088 3814 mutatione
1122 3747 1280 3834 aestivali,
1304 3753 1339 3817 in
1369 3771 1469 3819 15901

153 3862 409 3941 procuratorem
440 3855 538 3922 huius
571 3857 714 3923 nationis
747 3855 869 3922 electus
893 3855 956 3921 luit
987 3855 1100 3923 Dom.
1132 3856 1340 3926 Andreas

152 3961 387 4046 Nigrinus,
407 3961 493 4046 juris
516 3965 689 4048 utriusque
712 3961 834 4046 doctor,
852 3964 909 4030 sed
924 3963 1015 4030 nulla
1038 3967 1106 4032 eius
1130 3967 1340 4034 inveniuntur

153 4077 233 4136 acta
257 4077 290 4136 et
305 4072 449 4137 rationes
472 4094 532 4158 pro
556 4071 618 4138 hoc
641 4072 799 4138 semestri.
822 4071 904 4137 Tres
926 4073 1058 4140 nomina
1075 4095 1135 4140 sua
1159 4073 1219 4142 sub
1243 4075 1340 4144 huius

152 4181 386 4268 procuratione
408 4181 443 4244 in
465 4180 577 4247 album
609 4180 750 4246 nationis
782 4179 899 4246 referri
935 4187 1101 4263 curarunt,
1133 4181 1206 4248 vide
1239 4206 1340 4268 supra

151 4289 210 4356 sol.
235 4291 324 4354 1318
340 4335 348 4353 .

263 4283 340 4461 Hori
363 4417 448 4462 anno
463 4418 521 4481 per
537 4394 710 4464 Austriam
727 4403 761 4462 ct
779 4395 967 4464 Bohemiam
991 4401 1099 4464 aestas
1125 4398 1187 4464 fuit
1209 4399 1339 4466 calidis-

151 4512 370 4530 ..Ana——

265 4575 285 4678 ζ)
303 4575 335 4626 Ιι.
355 4571 473 4698 ξὸυξοξξ
493 4580 554 4626 304.
571 4574 592 4698 ἶ.

263 4646 285 4783 l
303 4649 337 4773 l:
353 4661 469 4777 alita
490 4653 551 4776 u:
569 4685 590 4774 1:
