3296 5328
340 419 381 480 60

445 615 531 678 Item
555 613 779 698 primo‘Dom.
803 613 971 680 Johannes
995 613 1034 680 de
1060 614 1187 699 Wolye,
1213 615 1303 682 dedit
1327 616 1398 682 den.
1425 615 1512 683 Vien-

338 745 453 789 nenses
478 727 530 788 16.

446 831 533 898 Item
549 831 643 898 Dom.
660 831 856 901 Ambrosius
873 833 1009 918 Alfeldy
1033 835 1072 902 de
1096 835 1203 916 Thur,
1227 834 1317 902 dedit
1333 835 1405 901 den.
1421 835 1513 902 Vien-

338 963 454 1008 nenses
481 947 530 1007 16.

197 1069 263 1115 ¹⁴⁰⁷
284 1066 298 1115 1
446 1065 540 1136 dunc
564 1071 696 1137 Domini
717 1075 812 1152 1497,
829 1072 920 1156 Mag.
935 1072 1073 1140 Nicolao
1097 1073 1136 1138 de
1152 1071 1296 1138 deumne
1319 1071 1432 1138 fnrrcto
1448 1093 1513 1156 pro·

337 1180 498 1245 curatoris
522 1180 627 1245 officio
651 1203 710 1266 pro
734 1182 917 1248 mutacione
942 1181 1064 1248 scilicet
1097 1181 1231 1260 estivali‚
1263 1181 1413 1264 inscripti
1446 1189 1513 1247 sunt

336 1285 458 1351 doruini
482 1289 606 1354 nobiles
628 1291 849 1376 infrascripti:

443 1397 538 1462 Dum.
563 1397 815 1484 Christophorus
840 1399 943 1466 Blasii
968 1399 1008 1464 de
1032 1397 1150 1480 Vebes,
1174 1397 1265 1463 dedit
1289 1402 1332 1462 24
1360 1399 1434 1464 den.

443 1505 538 1570 Dom.
555 1505 927 1574 Franciscussehuelck
944 1508 984 1572 de
995 1507 1129 1587 Betiti,
1147 1505 1239 1572 dedit
1255 1509 1298 1570 20
1315 1507 1387 1571 den.
1404 1505 1513 1572 Vienn.

197 1631 262 1676 ¹⁴9⁸
282 1628 309 1676 Π
443 1629 587 1719 Egregie
619 1634 714 1700 Dom.
746 1635 908 1701 Michacle
942 1631 1072 1700 Viteaio
1105 1639 1317 1718 procuratore
1352 1635 1512 1710 existente,

205 1739 206 1742 ’
335 1763 418 1807 anno
435 1741 567 1808 Domini
587 1747 679 1821 1498,
697 1750 842 1828 tempore
860 1742 1051 1823 autumnali,
1067 1741 1169 1808 eleeto
1194 1743 1225 1806 in
1241 1741 1324 1806 sesto
1341 1739 1512 1820 Colcmani

335 1850 536 1935 infrascripti
552 1853 675 1920 nobiles
699 1875 732 1917 se
756 1853 882 1917 nationi
905 1859 1125 1936 agregarunt:

442 1959 625 2027 Stanislaus
650 1961 691 2026 de
714 1961 817 2045 Lipoz
843 1959 1081 2040 Theomnasti,
1105 1959 1197 2025 dedit
1221 1981 1264 2024 cr.
1289 1962 1340 2026 24.

443 2065 624 2153 Gregorius
649 2070 689 2134 de
713 2067 907 2149 Pesthenne‚
932 2068 1023 2134 dedit
1046 2090 1089 2132 cr.
1107 2073 1158 2132 29.

197 2175 262 2219 ¹⁴⁰⁹
282 2171 295 2220 1
443 2169 513 2252 Sub
538 2178 729 2260 procuracie
752 2176 843 2259 Mag.
859 2173 994 2241 Andree
1019 2174 1257 2240 Unverdorben
1283 2196 1321 2238 ex
1344 2173 1514 2250 Wudueis‚

335 2307 419 2349 :intro
446 2287 540 2366 1499,
557 2265 724 2350 intitulati
748 2289 824 2350 sunt
847 2285 972 2350 nobiles
997 2283 1190 2367 subscripti:
1360 2288 1362 2292 '

442 2391 676 2460 Christofforus
700 2392 934 2459 Khrutstockb
964 2393 1147 2472 Wudensis‚
1171 2397 1189 2455 6
1216 2413 1259 2455 cr.

442 2501 613 2567 Johannes
637 2501 853 2586 Yschtwansy
879 2501 919 2566 de
943 2499 1245 2586 Kyseschont'alwa,
1275 2505 1316 2564 lo
1341 2521 1383 2565 cr.

442 2608 467 2674 J
470 2609 615 2676 ohannes
639 2609 681 2675 de
703 2609 1012 2697 Quinqueecclesiis‚
1038 2613 1056 2673 6
1081 2632 1125 2674 cr.

443 2715 667 2801 sigismundus
691 2718 799 2802 Baniy
824 2718 863 2783 de
886 2718 1043 2800 Leaenae,
1071 2723 1109 2782 12
1135 2739 1178 2781 cr.

443 2825 634 2892 Beruardus
657 2825 766 2909 Banfy
791 2826 831 2891 de
853 2823 1010 2906 Losancz,
1037 2829 1077 2890 12
1098 2846 1142 2890 cr.

443 2931 612 2998 Johannes
635 2933 674 2998 (16
699 2931 821 3015 Seram,
847 2939 865 2997 6
890 2953 934 2996 cr.

442 3041 636 3108 Franciscus
658 3043 698 3106 de
722 3043 810 3122 Pest,
836 3047 855 3105 6
884 3061 927 3106 er.

442 3149 617 3216 Ledislaus
642 3147 840 3233 Oponiczky,
864 3148 956 3214 dedit
979 3153 998 3213 8
1024 3142 1106 3232 [cr.].

196 3259 295 3307 15001
443 3251 537 3323 Anno
561 3259 678 3324 salutis
707 3263 800 3340 1500,
824 3255 1002 3322 venerabili
1027 3258 1095 3322 viro
1115 3257 1205 3340 Mag.
1222 3255 1367 3340 Georgio
1384 3254 1516 3321 Manen

334 3373 548 3449 procuratore
572 3369 738 3448 existente,
755 3366 917 3433 intitulati
933 3371 1010 3430 suut
1026 3365 1166 3431 scolares
1182 3365 1308 3429 nobiles
1328 3363 1515 3446 subscripti:

440 3473 610 3540 Johannes
634 3473 784 3541 Griesser
809 3498 848 3539 ex
872 3473 991 3540 Rivulo
1011 3473 1229 3564 dorninarurn,
1255 3477 1295 3538 12
1319 3472 1392 3538 den.

441 3581 628 3648 Stanislens
652 3581 800 3648 Galbam
824 3581 864 3646 de
889 3579 1096 3664 Swaydnyca,
1124 3585 1164 3644 12
1190 3580 1263 3645 deu.

441 3691 610 3756 Johannes
634 3689 758 3756 Sallzer
782 3691 822 3754 de
846 3689 1058 3770 Threnntsch,
1084 3694 1125 3754 20
1151 3689 1223 3753 den.

442 3797 656 3864 Sebastianus
680 3797 832 3863 Monauti
853 3797 892 3861 de
917 3793 1112 3880 Swaydnicz‚
1139 3801 1179 3860 16
1205 3796 1275 3860 den.

185 3911 250 3958 ¹⁵⁰⁰
269 3909 298 3957 11
442 3903 537 3972 Anno
561 3915 675 3992 pertus
698 3907 879 3989 Virginalis
907 3911 1001 3987 1500,
1017 3907 1107 3989 Mag.
1126 3905 1287 3972 Michaele
1307 3906 1346 3970 de
1367 3905 1516 3970 Premar·

334 4015 413 4078 thou
437 4013 580 4080 officinm
605 4015 867 4098 procuratorium
892 4013 1150 4092 :criministrante
1174 4013 1294 4078 domini
1324 4011 1447 4076 nobiles
1470 4012 1516 4074 in·

333 4123 383 4187 t'ra
407 4126 513 4189 notati
538 4124 698 4188 intitulati
722 4129 815 4188 sunt:

439 4231 535 4296 Dom.
559 4231 700 4296 Michael
725 4230 872 4312 Etheley,
896 4229 987 4294 dedit
1010 4231 1081 4295 den.
1106 4234 1157 4294 24.

441 4341 535 4405 Dom.
559 4339 736 4406 Ladislaus
759 4337 933 4420 Kamendi,
957 4338 1049 4405 dedit
1073 4339 1144 4404 deu.
1170 4341 1221 4402 24.

440 4447 535 4514 Dom.
559 4449 757 4514 Franciscns
781 4447 821 4511 de
845 4445 942 4526 Thes,
967 4445 1057 4512 dedit
1082 4447 1154 4511 den.
1180 4449 1231 4511 24.

440 4556 611 4622 Johannes
635 4553 863 4620 Stubenreuch
889 4551 1148 4636 Orernnicicnsis,
1173 4553 1244 4618 den
1270 4556 1320 4616 ln.

440 4665 588 4732 Mathias
613 4665 651 4729 de
676 4664 856 4748 Bystricza.
