3330 5324
325 399 390 460 370

324 592 546 676 keyserlichen
571 594 736 676 Muyestet
760 617 818 660 zue
842 595 919 660 dero
943 595 1220 680 ellergnedigsten
1241 592 1433 658 Resolution
1451 595 1513 658 mit

324 699 570 767 Guetthuchten
621 702 937 786 umbstendigliohen
986 702 1165 767 widerumb
1207 701 1347 766 referirn
1387 709 1515 784 niligeu.

327 809 521 876 Disemnach
545 831 579 874 so
603 810 719 874 wierdt
743 811 829 874 ihme
854 811 965 876 Herm
990 811 1123 876 hiermit
1146 833 1186 874 ex
1209 810 1317 875 officio
1350 810 1513 875 enbevoh-

321 941 369 996 en,
398 917 502 985 derob
531 937 591 982 zue
614 907 694 982 sein¹
708 919 776 982 und
800 917 908 984 Vleiss
926 919 1154 998 liierzulrheru
1181 919 1285 984 demit
1311 919 1369 984 der
1387 918 1511 982 Notion

326 1027 412 1090 neu
429 1003 472 1090 'in
495 1025 547 1090 ern
571 1026 710 1108 richtige
745 1025 901 1109 ornung
926 1026 1093 1108 gebracht,
1128 1027 1213 1090 auen
1237 1027 1289 1092 ue
1315 1025 1426 1090 vorm
1452 1049 1512 1089 zue

325 1133 439 1200 Zeiten
474 1134 629 1198 weilandt
664 1133 831 1216 Khaysers
867 1133 1032 1200 Matthiae
1063 1133 1323 1200 christmiltister
1348 1131 1512 1198 Gredecht-

324 1245 389 1306 uuss
413 1239 612 1324 geschdpffte
636 1241 780 1320 Bericht,
805 1261 838 1304 so
863 1241 1013 1306 Zweifels
1037 1242 1119 1306 ohne
1136 1243 1178 1308 ud
1195 1245 1283 1306 Aeta
1299 1243 1509 1330 eingetregen

325 1349 464 1428 worden,
499 1349 737 1414 wiederumben
771 1349 965 1432 anigesucht
1000 1349 1067 1414 und
1100 1349 1133 1413 in
1167 1351 1263 1416 sinen
1290 1349 1357 1413 und
1388 1350 1512 1414 andern

325 1457 532 1522 wollermelte
567 1455 677 1521 Herm
712 1449 932 1524 Commisserii
967 1459 1025 1522 aul
1058 1459 1234 1524 Anmelten
1265 1459 1326 1522 mit
1351 1479 1515 1540 genueger

325 1565 537 1632 Setisfaction
558 1562 560 1645 l
585 1585 693 1646 wegen
711 1566 768 1629 der
785 1565 895 1630 Herm
915 1566 1103 1630 Professum
1123 1567 1189 1632 und
1206 1567 1304 1630 deren
1325 1565 1512 1650 Beseldung

327 1679 457 1756 milgten
481 1673 647 1738 informirt
671 1674 812 1755 werden,
840 1675 931 1739 deme
956 1697 989 1740 er
1016 1675 1104 1738 Heri·
1128 1673 1192 1738 dau
1216 1675 1290 1738 wull
1316 1675 1429 1738 wierdt
1453 1695 1514 1738 zue

325 1782 425 1847 thuen
452 1781 574 1846 wissen.
600 1781 651 1846 Ex
675 1780 883 1861 Consistorio,
908 1787 959 1847 23.
983 1782 1081 1848 Junii
1107 1787 1201 1846 1629.

326 1895 354 1954 3.
386 1887 460 1954 duli
496 1893 590 1954 1629.
621 1889 659 1955 N.
686 1889 796 1954 Herm
821 1890 1033 1956 Procuratori
1057 1889 1210 1955 Netiouis
1234 1889 1448 1972 Hungaricae
1472 1910 1514 1952 ex

592 1993 597 2008 ‘
747 1995 853 2062 officio
877 1998 1084 2062 zuzustellen.

507 2099 673 2188 Ductor
698 2119 937 2200 Schennck,
962 2125 1111 2188 notarius
1135 2133 1167 2188 et
1192 2123 1345 2208 syndicus
1369 2147 1410 2187 ιιι.
1433 2145 1463 2206 p.

817 2265 839 2272 η
850 2265 1026 2274 --ι--ιι--ηι-

432 2355 566 2419 Festum
592 2356 696 2418 sancti
722 2355 868 2420 Ledislui
892 2356 932 2420 ab
958 2357 1082 2440 inclyta
1099 2357 1230 2422 natione
1247 2363 1280 2420 et
1298 2337 1515 2420 universis-ue

325 2463 525 2528 celebratum
549 2470 598 2526 est
622 2463 816 2540 solenniter;
841 2484 996 2548 expensas
1020 2485 1095 2528 vero
1118 2485 1177 2546 pro
1201 2464 1333 2528 musicis
1358 2473 1390 2527 et
1414 2463 1515 2527 colla·

325 2572 412 2636 tione
422 2572 572 2635 iecerunt
582 2569 795 2634 illustrissimi
807 2570 928 2634 domini
939 2569 1092 2650 Comites,
1104 2571 1197 2636 Dom.
1212 2569 1375 2654 Georgius
1388 2570 1515 2634 Erdiirli

324 2688 358 2744 et
373 2677 510 2744 Gabriel
535 2677 676 2756 Idrdddi3
703 2676 794 2742 Dom.
820 2675 982 2760 Georgius
1012 2679 1134 2744 llrdddi
1152 2679 1185 2742 in
1203 2679 1324 2762 templo
1349 2679 1415 2742 divi
1440 2677 1515 2743 Ste-

326 2787 426 2870 phani
450 2789 629 2852 orationem
655 2786 694 2850 de
718 2792 829 2850 sancto
855 2785 1007 2852 Ludisluo
1032 2787 1157 2852 habuit.

433 2895 486 2959 Ab
511 2893 677 2975 inscriptis
701 2893 906 2976 quibusdem,
932 2901 969 2956 ut
1002 2894 1112 2958 videre
1136 2903 1184 2958 est
1211 2894 1262 2958 fol.
1289 2900 1339 2958 28.
1364 2903 1395 2958 et
1421 2898 1515 2976 4ss.¹),

323 3004 435 3086 occepi
458 3025 557 3068 unum
584 3002 740 3066 llorenum
766 3002 817 3066 die
842 3009 894 3068 26.
918 3001 1014 3066 ‚lunii
1035 3007 1129 3078 1629,
1156 3023 1252 3085 quem
1278 3003 1394 3067 deinde
1411 3004 1515 3068 electo

326 3109 418 3174 Dom.
437 3111 643 3192 procuratori
661 3109 835 3175 reverendo
850 3109 1023 3175 admodum
1042 3111 1136 3174 Patri
1154 3111 1335 3176 Laurentio
1351 3111 1515 3194 Kiudopf,

325 3217 510 3296 successori,
536 3237 696 3282 unacum
723 3217 783 3282 hoc
807 3217 891 3282 libro
915 3227 949 3282 et
973 3219 1112 3282 decretis
1132 3241 1232 3302 supra
1251 3219 1382 3302 scriptis
1399 3219 1430 3282 in
1449 3219 1514 3282 ori-

326 3327 425 3410 ginali
460 3326 582 3392 tredidi
616 3347 672 3408 per
706 3327 928 3390 universitatis
952 3327 1121 3410 pedellum,
1148 3333 1176 3390 5.
1201 3325 1398 3391 Novembris
1418 3331 1514 3390 loeo.

434 3433 542 3500 Homo
564 3432 653 3498 videt
677 3433 711 3496 in
735 3434 826 3511 fecie,
852 3432 941 3498 Dens
965 3436 1130 3500 antemio
1157 3435 1262 3500 eorde.

629 3540 884 3624 Stephanus
909 3541 1199 3626 Zwirsohleg,
1224 3543 1349 3608 Doctor
1373 3567 1414 3608 ιιι.
1439 3566 1467 3626 ιι.

774 3699 854 3763 (roes
874 3703 909 3767 11,
933 3709 998 3754 icoo
1019 3699 1051 3762 ι.)

435 3809 530 3877 Anno
563 3812 686 3878 Salutis
723 3818 826 3888 1629,
857 3834 964 3878 mense
989 3813 1123 3878 Octobri
1150 3815 1237 3878 circu
1262 3813 1382 3878 festum
1407 3814 1515 3878 sancti

325 3920 506 3996 Oolmunni,
545 3922 666 3985 electus
698 3933 768 3984 'sum
803 3921 835 3984 in
872 3929 1117 4002 procuratorem
1152 3921 1293 3986 nationis
1326 3919 1515 4004 ungaricae

326 4049 384 4111 ego
408 4029 497 4092 Lau
507 4051 523 4092 r
535 4051 550 4090 e
564 4052 581 4092 ιι
596 4034 608 4090 t
619 4029 629 4092 i
641 4051 660 4092 u
672 4051 686 4091 s
707 4029 739 4092 K
752 4027 759 4090 i
772 4051 791 4092 n
804 4027 878 4107 toll,
896 4027 1069 4092 Societutis
1080 4027 1104 4091 J
1107 4051 1171 4106 esu,
1190 4030 1427 4094 methemalum
1440 4051 1515 4112 pro·

325 4137 426 4202 fessor
459 4135 644 4200 ordinarius
677 4136 709 4198 in
744 4136 957 4199 universitate
991 4135 1179 4214 Viennensi,
1217 4138 1274 4219 qui
1306 4136 1405 4200 simul
1439 4157 1514 4200 curn

327 4245 463 4309 coeteris
480 4244 618 4307 dominis
635 4243 901 4326 procuratoribus
917 4243 1010 4324 juxta.
1027 4245 1127 4308 ritum
1145 4251 1179 4308 et
1191 4243 1339 4308 ordinem
1350 4243 1515 4326 antiquis·

326 4351 425 4416 simae
459 4359 585 4415 nostrae
619 4351 842 4415 universitatis
866 4351 1021 4434 elegimus
1046 4353 1077 4416 iu
1104 4353 1275 4416 Rectorem
1300 4349 1514 4434 magnificum

327 4459 550 4523 universitatis
583 4457 756 4522 admodum
796 4460 1018 4524 reverendum.
1060 4460 1198 4524 nobilem
1232 4467 1265 4524 et
1300 4461 1515 4525 excellentem

330 4585 534 4594 ...affl-..-—

439 4643 456 4688 ¹l
479 4635 548 4687 ladsd
570 4635 685 4686 sllntebb
707 4643 747 4688 32.
769 4638 796 4688 o'e
817 4643 858 4688 64,
880 4636 1006 4702 lapokon.
