3296 5328
547 1350 707 1424 statuta
735 1353 995 1437 originaliter.

691 1555 851 1564 ---—--—

287 1714 382 1808 Anno
394 1717 421 1802 ¹)
445 1718 488 1808 ab
511 1719 736 1784 incarnatione
753 1717 884 1784 Domini
900 1717 1071 1813 millesimo
1095 1717 1364 1801 quadringentes—
1411 1709 1499 1826 ablui

179 1828 261 1892 simo
294 1825 418 1894 decimo
450 1833 577 1912 quarto,
610 1828 750 1910 septima
782 1826 833 1891 die
866 1827 985 1894 mensis
1014 1824 1177 1907 octobrio,
1201 1824 1291 1891 facta
1316 1831 1365 1888 est
1459 1813 1464 1824 ’
1504 1814 1509 1826 ’

180 1937 388 2019 congregatio
412 1937 635 2002 universorum
659 1935 899 2018 suppositorum
925 1935 1067 1999 nationis
1090 1917 1264 2017 Hungarie
1281 1933 1365 1998 alme

182 2043 620 2116 universitatisWiennensis
631 2036 1011 2126 perMag.Nicolaum
1030 2041 1365 2126 Wydener,cano-

181 2153 288 2216 uicum
312 2151 444 2217 ecclesie
470 2151 776 2232 Traussilvanensis,
800 2151 975 2235 plebanum
999 2153 1031 2215 in
1056 2149 1210 2228 TartlaW,
1227 2157 1365 2232 protunc

181 2267 425 2341 procuratorem
459 2260 602 2325 eiusdem
637 2261 788 2326 nationis.
813 2257 876 2342 Qui
901 2261 1022 2326 eisdem
1046 2259 1221 2344 suppositis
1244 2255 1367 2342 [lept't]

180 2367 405 2452 infrascriptos
429 2368 593 2450 articulos,
617 2389 676 2452 per
692 2367 849 2452 quosdam
867 2368 1073 2432 honorabiles
1089 2374 1198 2451 patras
1214 2373 1246 2432 et
1266 2368 1365 2449 magi·

181 2481 264 2539 stros
288 2476 328 2539 de
345 2476 458 2540 eadem
475 2477 614 2558 natione,
631 2476 751 2542 adhoc
768 2475 953 2561 specialiter
971 2478 1004 2543 in
1020 2476 1117 2560 plena
1132 2477 1275 2541 nationis
1291 2497 1366 2540 oon-

181 2585 371 2665 gregatione
396 2583 579 2667 deputatos
603 2606 687 2650 anno
711 2607 774 2669 que
798 2607 906 2668 supra,
930 2585 973 2650 ad
997 2585 1153 2650 honorem
1176 2585 1240 2650 Dei
1265 2585 1366 2650 omisi-

180 2693 335 2775 potentis,
359 2694 462 2757 salicti
486 2692 633 2758 Ladislai
665 2695 752 2777 regis
777 2700 809 2759 et
832 2695 974 2762 nationis
1006 2694 1170 2759 antedicto
1194 2700 1366 2776 conceptos

182 2805 213 2863 et
236 2805 378 2864 statutos
402 2821 439 2865 ac
463 2801 497 2865 in
520 2801 615 2884 plena
639 2802 861 2867 universitatis
886 2804 1137 2885 congregatione
1167 2801 1366 2885 approbatos

180 2911 213 2970 et
244 2907 460 2989 confirmatos,
493 2915 591 2992 prout
623 2909 653 2972 in
688 2910 769 2972 antis
803 2909 946 2974 eiusdem
980 2910 1204 2974 univcrsitatis
1240 2907 1365 2991 plenius

181 3016 374 3098 continetur,
398 3021 566 3098 tamquam
591 3016 671 3081 editi
694 3037 751 3100 per
780 3017 927 3083 eandem.

183 3224 209 3282 1.
225 3215 394 3301 Quando
410 3215 607 3280 celebrari
620 3215 739 3280 debet
755 3215 896 3281 festum
911 3217 1040 3280 sancti
1056 3218 1161 3298 regis
1177 3215 1367 3281 Ladislai.

287 3347 421 3416 Primus
445 3350 612 3430 articulus,
637 3350 724 3433 quod
747 3350 837 3414 natio
861 3349 1035 3433 Hungarie
1058 3351 1173 3414 saltem
1193 3350 1368 3414 dumtaxat
1396 3342 1444 3396 fol.
1466 3343 1497 3393 ⁵¹³

181 3459 276 3526 semel
300 3461 332 3523 in
357 3479 443 3530 anno
477 3457 575 3522 debet
607 3457 773 3523 celebrare
797 3458 917 3523 festum
942 3459 1046 3522 sancti
1070 3457 1217 3522 Ladislai
1241 3453 1366 3540 regise)

180 3569 326 3651 proxima
368 3566 419 3630 dic
461 3565 656 3651 precedente
692 3565 835 3647 vigiliam
868 3566 1038 3632 beatorum
1072 3565 1164 3630 Petri
1197 3571 1228 3629 et
1270 3563 1367 3629 Pauli

184 3675 413 3760 apostolorum.

181 3899 209 3958 2.
233 3893 293 3958 De
317 3893 523 3976 exequiis
546 3893 793 3958 intitulato
818 3891 1034 3957 defuncto
1068 3887 1368 3956 celebrandis

288 4025 371 4115 Quia
396 4031 484 4094 racio
508 4030 611 4095 dictat
635 4037 667 4096 et
691 4033 795 4114 pietas
820 4029 1081 4095 misericordialis
1101 4029 1254 4112 exposcit,
1272 4026 1367 4110 quod,

182 4158 252 4202 rum
285 4137 389 4200 frater
422 4138 569 4218 moritur,
603 4140 703 4203 ceteri
724 4139 805 4204 eius
835 4135 955 4202 fratres
980 4136 1042 4201 sibi
1066 4136 1310 4220 compaciantur
1334 4142 1368 4198 ct

181 4247 376 4326 conveniant
399 4245 634 4312 intercedentes
650 4269 710 4331 pro
727 4247 796 4331 ipso
813 4247 855 4311 ad
871 4245 986 4326 Deum,
1006 4245 1128 4309 fontem
1148 4244 1371 4310 misericordie·

193 4391 400 4405 nau—‘—

287 4469 310 4526 1)
330 4469 355 4516 A
373 4465 517 4533 gybnybrd
537 4461 562 4515 Α
581 4461 752 4515 kezdobetnt
772 4480 802 4514 az
816 4465 837 4514 1.
851 4479 885 4513 sa,
901 4479 924 4513 a.
945 4459 1085 4513 mellelrelt
1099 4457 1234 4535 lersimile
1256 4459 1369 4513 bonnas

182 4575 197 4608 a
221 4555 367 4608 bevezetes
395 4552 540 4606 bovebben
569 4552 624 4605 szdl
643 4552 710 4605 rola.
730 4551 828 4606 Alatta
848 4568 900 4622 egy
919 4549 1034 4602 keslibbi
1054 4551 1164 4602 olvaso:
1185 4549 1220 4603 B.
1242 4549 1268 4604 S.
1290 4549 1368 4616 1629,

182 4645 289 4698 brbkite
308 4659 372 4713 meg
392 4643 520 4696 emleke't.

289 4740 308 4798 ²)
329 4733 451 4787 Kesabbi
471 4733 560 4786 keatdl
583 4733 755 4802 elapsaelen
776 4751 790 4786 e
810 4731 915 4784 taldis:
937 4747 999 4784 cum
1020 4749 1153 4784 anniane.

1232 4833 1239 4878 1
1247 4829 1254 4858 ²}
