3324 5326
853 667 932 732 (1311
954 663 1001 730 ret

442 774 513 864 Ego
536 773 899 864 Meg.Oswaldns
924 777 1121 863 Sewmer,
1140 777 1228 847 fecto
1242 776 1378 861 calculo,
1402 775 1522 864 reliqui

331 889 509 956 successori
550 909 630 969 mec,
672 889 803 972 egregio
836 909 875 952 eo
907 887 1078 954 excellenti
1110 888 1179 953 viro
1212 887 1307 955 Dom.
1340 889 1521 956 Francisco

332 995 494 1077 Emerico,
517 998 640 1062 artium
664 1019 703 1062 ac
726 996 886 1080 medicine
903 997 1038 1078 doctori,
1062 1019 1164 1062 unum
1187 1019 1326 1064 aureum
1350 995 1521 1080 Saltnpur·

333 1125 473 1190 pensem,
499 1109 517 1169 3
542 1105 613 1170 flor.
636 1105 815 1186 Renensea
843 1109 883 1170 12
898 1105 963 1186 tal,
986 1111 1138 1189 presente
1162 1105 1343 1172 venerabili
1367 1126 1407 1170 ac
1430 1126 1521 1188 egre-

334 1217 388 1299 gio
411 1214 479 1278 viro
503 1213 681 1280 Ambrosio
707 1210 844 1294 Saltzer,
867 1231 960 1298 sacre
983 1213 1148 1296 theologie
1166 1214 1349 1280 hcenciato.

873 1351 955 1422 (1542
974 1357 1007 1417 1.)

182 1479 230 1536 fol.
245 1489 310 1536 121⁸
441 1463 513 1551 Ego
536 1467 815 1532 Francieaus
840 1461 1088 1548 Emericus,
1111 1467 1292 1532 medicinae
1325 1465 1450 1547 doctor,
1473 1488 1523 1531 re-

335 1596 493 1660 cognosco
509 1596 560 1640 me
576 1595 596 1640 a
611 1573 790 1640 venerabili
807 1574 902 1640 Dom.
919 1573 1010 1658 Meg.
1029 1571 1182 1640 Oswaldo
1199 1573 1315 1642 Semer
1335 1575 1517 1659 percepisse

334 1684 403 1750 flor.
426 1683 592 1750 Renenses
619 1686 659 1746 12
683 1682 918 1764 denominatos,
944 1689 962 1748 3
987 1683 1176 1767 Reynenses
1200 1683 1233 1747 in
1257 1703 1338 1748 euro
1364 1689 1399 1748 et
1423 1703 1521 1748 unum

220 1777 298 1834 Μ’
338 1789 635 1874 saltzburgensem.
659 1791 783 1856 Actum
807 1789 890 1856 Maii
918 1789 977 1872 12.
1002 1813 1088 1857 anno
1119 1795 1214 1873 1542,
1237 1796 1390 1876 presente
1406 1791 1521 1854 eximio

190 1845 256 1907 mer·
278 1849 318 1896 12·
337 1899 433 1966 Dom.
456 1899 646 1966 Licentiaw
670 1899 764 1965 Dom,
790 1898 966 1966 Ambrosio
991 1898 1129 1966 Salczer.

857 2042 937 2103 (1542
956 2043 1004 2104 In)

442 2151 516 2236 Ego
548 2151 828 2220 Valentinus
861 2149 1239 2236 Scheidelwitzig
1272 2151 1520 2236 Brigensis,

334 2262 419 2345 juris
442 2263 614 2344 utriusque
638 2260 762 2341 doctor,
785 2261 820 2324 in
835 2267 1083 2346 procuratorem
1107 2261 1159 2327 die
1183 2261 1363 2326 Kolomani
1390 2261 1519 2338 electro,

335 2370 417 2436 nihil
449 2390 469 2433 a
501 2389 687 2453 precessore
720 2389 791 2434 meo
825 2367 921 2439 Dom.
955 2369 1134 2462 Francisco
1167 2369 1329 2451 1111131100,
1363 2369 1519 2448 medicine¹

336 2477 480 2558 doctore,
503 2479 616 2561 accepi
639 2499 745 2561 neque
769 2477 849 2560 quid
865 2477 973 2543 verbis
989 2477 1133 2543 nationis
1157 2477 1306 2560 expendi,
1329 2497 1429 2561 porro
1453 2497 1518 2540 suc-

339 2585 458 2650 cessori
481 2605 553 2650 meo
577 2584 668 2668 Meg.
693 2581 844 2650 Oswaldo
868 2582 983 2652 Samen
1007 2587 1050 2650 60
1074 2583 1146 2650 den.
1170 2584 1298 2668 reliqui.

867 2729 948 2790 (1544
967 2728 1001 2790 L)

445 2833 517 2920 llgo
556 2835 664 2920 Mag.
696 2837 896 2903 Michael
936 2838 1077 2904 Fabri
1110 2835 1517 2914 Vratislaviensis‚

338 2942 449 3012 inclite
473 2944 617 3008 nationis
634 2943 801 3028 Ungarice
817 2947 850 3010 111
867 2951 1113 3031 procuratorem
1130 2947 1252 3012 electus
1268 2949 1422 3011 currente
1439 2966 1517 3009 anno

148 3071 151 3081 ’
208 3037 311 3154 ‚¹⁵⁴2
339 3051 475 3118 Domini
501 3055 597 3134 1544,
622 3053 655 3116 in
673 3051 726 3118 die
741 3053 916 3120 beatorum
933 3057 1108 3120 martirum
1125 3054 1273 3120 Tiburcii
1290 3061 1324 3120 et
1341 3051 1518 3129 Valeriani,

204 3120 263 3172 apr.
313 3141 401 3226 'suh
425 3181 491 3244 qna
513 3161 703 3243 procuratio
725 3161 872 3247 predicte
889 3164 1030 3230 nationis
1054 3164 1096 3229 ab
1120 3164 1298 3228 intitulatis
1325 3167 1363 3225 17
1390 3183 1434 3226 cr.
1451 3182 1518 3244 per-

208 3271 303 3354 15441
340 3269 410 3352 cepi
432 3272 462 3333 4.
487 3267 539 3333 dic
562 3265 667 3348 Junii,
691 3276 836 3353 tempore
870 3273 981 3352 estivo,
1005 3291 1090 3337 anno
1114 3277 1152 3336 ut
1184 3292 1293 3355 supra.
1317 3271 1468 3354 Exposui
1489 3271 1516 3333 in

202 3353 263 3404 Μ’
283 3343 307 3390 4'
339 3375 488 3459 predicta
511 3376 644 3441 natione
668 3375 794 3461 pedello
826 3383 939 3444 nostro
973 3379 1013 3443 de
1038 3379 1215 3444 intitulatis
1248 3376 1458 3443 studentibus
1484 3381 1514 3441 ll

340 3485 410 3549 deu.
434 3491 468 3549 et
490 3485 620 3550 notario
644 3507 703 3568 pro
728 3487 935 3552 intimatione
970 3494 988 3553 2
1023 3509 1076 3570 cr„
1099 3491 1207 3553 restet
1230 3488 1315 3554 aduc
1342 3491 1359 3551 1
1385 3486 1453 3568 sol,
1479 3490 1512 3549 13

339 3594 410 3658 den.
434 3591 502 3657 Sub
527 3592 642 3658 eadem
665 3593 798 3659 natione
834 3595 1002 3660 studentes
1025 3595 1226 3681 infrascripti
1250 3595 1414 3661 intitulati
1438 3599 1515 3672 sunl,

339 3721 477 3786 quorum
501 3702 632 3768 nomine
655 3708 853 3786 sequuntur:
867 3699 892 3785 ¹)

447 3807 678 3875 Wentzeslaus
702 3809 829 3875 Fronto
845 3811 1043 3876 Pelsinensis
1067 3811 1243 3894 Bohenurs,
1266 3811 1445 3895 inscriptus
1467 3807 1515 3873 de·

340 3917 391 3982 dit
414 3939 459 3982 cr.
485 3921 515 3982 2.

447 4025 579 4092 Blesius
603 4025 643 4089 de
667 4024 748 4092 Also
774 4022 968 4110 Lendwas),
992 4027 1168 4111 inscriptus
1193 4025 1286 4092 dedit
1309 4049 1354 4092 cr.
1379 4033 1408 4093 2.

447 4133 610 4198 Matthias
634 4133 674 4198 de
698 4131 820 4199 Sancto
846 4134 993 4216 Nicola0,
1016 4136 1192 4218 inscriptus
1215 4135 1305 4202 dedit
1329 4157 1372 4201 cr.
1398 4141 1425 4200 1.

447 4241 641 4307 Matthaeus
665 4242 706 4307 de
729 4242 943 4325 Kereszthur,
968 4243 1060 4308 dedit
1084 4266 1128 4310 cr.
1153 4249 1183 4310 4.

221 2243 298 2302 1542,

201 2309 260 2362 okt.
276 2315 317 2360 18.

341 4419 555 4430 m—

451 4513 515 4574 1).4
542 4507 689 4564 beirtsnak
715 4509 943 4580 szabstlyszeriien
970 4525 1037 4565 enen
1066 4511 1231 4580 anynkhnyv
1244 4515 1322 4566 XIII.
1341 4510 1513 4566 szakasztbnu

343 4600 396 4654 lett
415 4601 498 4654 volus
517 4600 605 4669 helye.

451 4695 472 4757 ²)
498 4696 530 4746 V.
549 4697 573 4744 ὃ.
594 4691 741 4761 fdanynkv.
764 4699 829 4745 1543
851 4697 881 4746 I:
901 4691 1020 4747 Blosius
1040 4691 1152 4748 Koaeho
1172 4691 1449 4762 Aaacladinpuenris.
