3324 5326
346 459 410 518 326

199 639 315 771 fill-⁵⁹22
452 650 619 720 5555111
643 651 750 718 Vacia
773 649 808 714 in
831 653 980 714 nostram
1004 651 1202 732 potestatem
1226 645 1336 714 rediit.

229 786 307 844 1596,
454 767 483 828 3.
494 759 698 847 Septembris
709 761 935 828 serenissimus
952 759 1113 826 archidux
1123 757 1370 823 Maximilianus
1387 763 1531 822 castrum

202 856 653 992 ΒΖξ15)ξ·6,3·Η555555,5551515
679 873 843 938 munitum
860 876 893 936 et
911 875 962 938 15.
977 869 1124 953 Augusti
1148 868 1290 936 obsideri
1316 874 1478 952 coeptum,
1500 868 1532 932 vi

205 1013 269 1068 aug.
291 1005 332 1050 15.
347 981 554 1066 expugnavit,
587 980 714 1062 Turcis,
739 981 808 1046 siue
832 979 898 1045 ullo
922 983 990 1044 tam
1016 1000 1111 1046 sexus
1135 999 1234 1062 quam
1266 977 1387 1042 aetatis
1419 976 1531 1041 discri-

344 1090 440 1170 mine,
458 1089 500 1154 ad
527 1111 627 1154 unum
652 1088 723 1156 fere
748 1088 930 1170 trucidatis,
953 1087 1024 1174 ipso
1049 1087 1184 1154 tandem
1208 1091 1316 1154 castro
1340 1086 1439 1150 etiam
1463 1084 1551 1182 solo*

344 1196 528 1282 adaequato
552 1220 590 1263 ac
614 1199 732 1264 diruto.

453 1311 505 1372 20.
529 1304 733 1390 Septembris
756 1305 862 1372 Bassa
885 1304 1062 1372 Bosnensis
1079 1305 1121 1372 ab
1139 1305 1307 1372 obsidione
1330 1303 1531 1369 Petriniensi

344 1435 403 1498 per
427 1420 558 1480 nostros
582 1415 737 1500 depulsus
761 1415 833 1480 fnit

454 1529 505 1588 23.
538 1520 741 1607 Septembris
775 1521 958 1590 Turturum
991 1521 1179 1606 Imperator
1211 1520 1379 1608 Mehemet
1411 1521 1532 1586 tertius

196 1645 245 1701 tol.
267 1647 332 1700 142b
345 1629 541 1713 Hungariae
558 1631 736 1714 superioris
759 1653 929 1716 propugna
948 1624 951 1712 l
969 1631 1078 1696 culum
1101 1631 1245 1695 omnium
1268 1629 1531 1706 munitissimum,

346 1737 496 1822 Agrium,
507 1739 698 1822 gravissima
708 1737 877 1804 obsidione
894 1738 1043 1804 ducentis
1060 1737 1244 1802 Turearum
1260 1735 1403 1802 millibus
1420 1735 1532 1800 cinxit

1059 1843 1358 1910 Leonhardus
1381 1843 1487 1926 Hos,

1098 1948 1246 2015 utriusque
1262 1947 1336 2016 juris
1354 1949 1461 2004 doctor.

203 2071 270 2189 ¹32⁶
287 2067 326 2188 11}
453 2073 548 2144 llnno
584 2085 678 2164 1596,
714 2083 763 2146 14.
805 2079 967 2163 Octobris,
1001 2080 1160 2165 postridie
1192 2081 1298 2146 sancti
1330 2078 1533 2160 Colomanni,

345 2187 454 2254 faetus
503 2211 575 2254 sum
616 2210 675 2271 ego
722 2187 1019 2256 Christianus
1067 2187 1300 2254 Numicius
1338 2193 1533 2272 procurator

229 1293 306 1350 rese,

199 1359 285 1427 szept.
300 1367 343 1412 20.

344 2295 527 2378 postulatus
552 2317 592 2360 ex
615 2297 747 2362 natione
779 2295 943 2362 Rhenana
966 2319 987 2362 a
1010 2297 1141 2362 natione
1173 2295 1376 2380 Hungarica,
1399 2293 1532 2379 quando
1651 2301 1652 2310 ’

344 2425 383 2468 ex
399 2395 524 2470 medica
540 2405 698 2472 facultate
716 2405 839 2470 electus
855 2411 906 2470 est
924 2405 1048 2471 Rector
1065 2401 1256 2486 magnificus
1272 2401 1367 2468 Dom.
1384 2400 1409 2466 J
1411 2422 1533 2468 oannes

343 2510 504 2594 Leander,
528 2512 706 2578 medicinae
729 2513 844 2578 doctor
867 2519 928 2580 etc.

208 2595 324 2715 offffg·
454 2622 513 2702 15,
547 2621 703 2704 postridie
736 2621 832 2689 huius
865 2621 1041 2703 electionis,
1074 2620 1226 2705 accepia
1259 2619 1354 2686 Dom.
1386 2620 1532 2686 Doctore

343 2731 516 2814 utriusque
536 2729 620 2812 juris
642 2730 840 2796 Leonhardo
856 2731 933 2796 Hoe
950 2735 1206 2815 exprocuratore
1229 2729 1349 2796 librum
1374 2731 1440 2794 sive
1463 2751 1532 2794 ma·

343 2839 495 2904 tricolum
519 2839 663 2904 nationis
687 2845 721 2906 et
744 2863 788 2906 cr.
815 2843 856 2904 18
880 2839 966 2906 libro
989 2839 1145 2905 inclusos..
1198 2861 1201 2869 ⁴

200 3005 273 3059 deca.
295 3013 320 3058 δ’
344 3054 463 3120 niensis
487 3051 632 3136 Silesius,
656 3055 747 3122 dedit
772 3059 790 3120 3
816 3079 859 3122 cr.

228 3157 305 3214 ¹⁵⁹&
451 3165 502 3226 21.
518 3160 709 3228 Decembris
728 3167 824 3228 1596.
839 3165 1016 3248 inscriptus
1033 3169 1084 3228 est
1099 3161 1124 3228 J
1126 3183 1247 3228 oannes
1264 3161 1394 3246 Latzlry
1409 3160 1530 3230 Pascu-

193 3221 372 3282 (155521,
438 3271 444 3282 ,
514 3270 520 3283 ,
574 3271 580 3283 ,
722 3271 728 3286 ,

343 3289 463 3335 uenere
487 3267 630 3352 Silesius,
656 3269 746 3336 dedit
772 3275 791 3335 3
817 3293 861 3338 cr.

208 3453 266 3502 Jan.
288 3447 311 3491 θ’
343 3483 450 3550 Kaldi
473 3483 695 3550 Timaviensis
719 3485 885 3568 Ungarus‚
909 3486 1002 3552 dedit
1027 3493 1068 3552 12
1093 3509 1137 3553 cr.

451 3590 550 3656 Hanc
573 3591 744 3676 pecuniam
768 3613 835 3658 une
858 3615 931 3658 cum
955 3595 1131 3678 superiore,
1154 3593 1305 3660 videlieet
1322 3599 1363 3660 36
1380 3593 1439 3674 kr,
1462 3601 1530 3659 tra·

341 3697 409 3764 didi
433 3700 610 3764 successori
633 3720 712 3782 meo,
736 3701 917 3766 clarissimo
939 3701 1061 3766 artium
1087 3707 1120 3766 et
1142 3701 1368 3787 philosophiae
1390 3700 1530 3768 Doctori

191 3787 322 3918 mgffi
341 3805 465 3871 Joanni
488 3805 664 3871 Walthero
688 3808 830 3892 itemque
846 3808 966 3874 librum
990 3811 1141 3892 nationis,
1161 3815 1212 3876 17.
1228 3809 1311 3876 Μ511
1327 3831 1414 3876 anno
1433 3814 1530 3876 1597.

202 3948 314 4066 ,1597151
449 3944 545 4016 Anno
571 3955 667 4032 1597,
693 3955 743 4018 15.
760 3951 896 4036 Aprilis,
920 3954 1080 4037 postridie
1103 3955 1301 4020 sanctissimi
1325 3955 1472 4022 Tiburtii
1496 3963 1531 4022 et

197 4031 256 4084 apr.
312 4053 319 4068 ⁸
341 4057 520 4140 Valeriani,
544 4059 667 4125 electus
684 4083 755 4126 sum
773 4062 808 4126 iu
824 4067 1073 4145 procuratorem
1088 4063 1231 4128 nationis
1255 4061 1442 4147 Ungaricae
1468 4087 1530 4149 ego

340 4165 408 4230 Ma
419 4189 448 4250 g.
463 4165 489 4231 J
500 4189 580 4232 oen
591 4189 664 4232 nes
679 4166 897 4250 Walther,
914 4191 986 4235 cum
1002 4171 1180 4254 eligeretur
1197 4192 1238 4236 ex
1247 4171 1405 4236 facultate
1421 4171 1529 4255 philo

341 4274 475 4358 sophica
491 4276 524 4339 in
541 4273 718 4340 Rectorem
743 4275 967 4342 universitatis
990 4275 1187 4343 reverendus
1210 4278 1387 4344 admodum
1405 4285 1439 4344 et
1464 4279 1532 4345 ela-

340 4383 487 4448 rissimus
510 4381 605 4448 Dom.
637 4383 737 4450 Vitus
762 4381 938 4466 Scbiesser,
961 4385 1186 4471 philosophiae
1218 4389 1384 4471 magister,
1417 4388 1533 4453 cathe-

229 3371 305 3430 15⁹⁷=
452 3381 480 3440 9.
497 3375 523 3441 J
524 3378 653 3442 anuarii
672 3381 767 3444 1597.
783 3379 960 3462 inscriptus
976 3384 1026 3446 est
1041 3379 1240 3445 reverendus
1253 3379 1350 3445 Dom.
1366 3377 1530 3464 Georgius
1649 3447 1650 3464 ,

341 4491 442 4558 dralis
482 4491 636 4556 ecelesiae
675 4491 718 4557 ad
750 4492 861 4558 dirum
900 4491 1104 4578 Stephanum
1142 4496 1326 4578 canonicus,
1364 4497 1534 4580 professor
1647 4495 1648 4502 '

342 4598 493 4684 publicus
515 4600 548 4663 in
572 4599 832 4684 archigymnasio
855 4601 1033 4670 Viennensi
1057 4610 1118 4669 etc.

450 4705 505 4772 Ab
531 4713 735 4775 antecessore
752 4731 833 4793 mec,
849 4710 1027 4776 reverendo
1040 4709 1136 4778 Dom.
1152 4710 1340 4779 (lhristiano
1365 4712 1534 4798 Numisio,

228 2941 305 2999 ¹⁵9⁰=
453 2951 482 3011 8.
506 2945 697 3012 Decembris
724 2951 819 3014 1596.
835 2945 1010 3031 inscriptus
1027 2955 1078 3014 est
1094 2945 1206 3014 Simon
1230 2947 1386 3012 Pacchali
1409 2948 1531 3013 Pasce-
1650 2923 1651 3002 l
