3314 5334
1255 381 1318 450 XV

238 576 329 642 Ezen
360 577 605 644 ielsadlitasnak
638 580 738 644 sietve
770 579 952 664 igyekezctt
981 581 1163 664 megialelni
1187 603 1206 648 a
1230 603 1318 648 nem·

132 691 190 750 aet.
224 684 302 750 Mar
326 702 361 749 aa
388 688 483 750 1414.
516 693 694 768 augnsztus
727 687 833 752 ao-iki
866 687 976 754 diesen
1008 689 1105 772 nde't
1138 689 1178 754 be
1200 711 1221 754 a
1244 711 1317 772 pro·

131 791 270 856 iurator
294 811 353 875 egy
376 791 772 877 alapszabalytervezetet,
788 795 872 878 mely
896 817 933 860 az
958 795 1089 861 osatrrik
1113 797 1317 863 nemzetehez

130 898 311 964 hasunloan
333 899 402 964 volt
425 899 628 983 iogalmazva
651 923 667 966 s
690 906 744 986 igy
768 901 868 966 sadlt:

240 1012 268 1072 1.
292 1006 424 1073 Primus
448 1008 617 1090 articulus,
650 1016 689 1074 ut
713 1011 806 1075 nacio
830 1008 1042 1093 Ungarorum
1074 1009 1190 1075 saltem
1225 1011 1318 1075 durn-

131 1120 225 1178 taxat
264 1113 360 1180 semel
385 1115 418 1180 in
443 1135 529 1182 anno
568 1115 711 1182 celebret
743 1117 864 1182 festum
897 1117 1003 1182 sancti
1035 1115 1182 1182 Ladislai
1217 1117 1318 1200 Regis

129 1223 277 1304 proxima
316 1222 368 1287 die
406 1223 600 1306 precedente
637 1223 783 1307 vigiliam
822 1224 994 1290 beatorum
1026 1223 1119 1290 Petri
1153 1233 1186 1290 et
1219 1225 1318 1290 Pauli

130 1329 361 1412 apostolorum.

239 1442 268 1502 s.
293 1435 462 1503 Secundus
494 1438 664 1522 articulus,
698 1461 772 1504 cum
806 1441 947 1504 moritur
985 1441 1190 1522 suppositum
1229 1441 1316 1507 dicte

129 1545 295 1627 nacionis,
328 1547 562 1629 cuiuscumque
594 1547 697 1613 fuerit
728 1545 938 1628 condicionis,
972 1547 1088 1612 saltem
1121 1549 1317 1630 inscriptum

129 1653 303 1718 matricula
326 1655 480 1734 nacionis,
503 1654 570 1720 sive
593 1655 695 1720 fuerit
719 1657 875 1738 magister
892 1654 943 1720 vel
961 1655 1105 1738 scolaris,
1124 1655 1211 1738 quod
1236 1663 1317 1722 tunc

130 1763 225 1828 nacio
258 1768 330 1828 tota
363 1761 481 1828 debeat
512 1765 694 1846 convenire,
727 1770 761 1828 et
784 1763 847 1828 sibi
880 1765 1033 1846 exequias
1064 1782 1219 1850 peragere
1242 1785 1317 1830 cum

128 1867 416 1951 solempnitatibus
439 1871 631 1936 comunibus
655 1877 689 1936 et
711 1871 884 1936 consuetis.

239 1981 268 2042 3.
293 1975 426 2042 Tertius
458 1977 629 2060 articulus,
652 1978 739 2062 quod
771 1977 913 2062 quilibet
936 1978 1078 2058 scolaris,
1112 1999 1186 2044 cum
1210 1981 1315 2045 intrat

129 2083 300 2148 necionem
323 2091 357 2149 et
380 2085 522 2168 gaudere
546 2085 617 2150 vult
640 2086 818 2170 privilegiis
841 2087 919 2167 eius,
948 2085 1027 2151 dare
1050 2085 1148 2152 debet
1171 2093 1315 2170 quatuor

129 2189 199 2255 deu.
226 2190 368 2273 Wieun,
392 2192 598 2258 baccalarius
623 2215 724 2258 unum
748 2212 904 2276 grossum,
937 2194 1093 2276 magister
1125 2213 1201 2259 vero
1235 2193 1316 2259 duos

128 2319 264 2381 grossos,
297 2308 428 2364 etcum
460 2299 594 2366 scolaris
627 2307 835 2384 promovetur
867 2302 902 2366 in
935 2301 1159 2366 baccalarium
1194 2302 1316 2366 iterum

128 2406 207 2472 dare
230 2405 330 2472 debet
353 2427 509 2490 grossum,
533 2429 608 2473 cum
631 2429 706 2474 vero
730 2408 934 2474 baccalarius
957 2410 991 2472 in
1016 2409 1210 2490 magistrum
1234 2407 1316 2474 duos

129 2535 273 2597 grossos,
307 2535 432 2597 semper
464 2517 670 2598 procuratori
702 2523 762 2581 aut
794 2516 954 2598 receptori
988 2514 1132 2580 eiusdem
1170 2517 1316 2582 nacionis

127 2793 181 2830 non
201 2777 413 2846 impedirentur.
433 2777 541 2832 Petivit
567 2777 686 2832 secundo
714 2778 788 2832 idem
812 2782 982 2848 procurator,
1012 2778 1086 2848 quod
1115 2779 1195 2833 nscio
1224 2785 1314 2848 posset

127 2865 230 2920 babere
249 2867 428 2920 matriculam
448 2871 477 2920 et
495 2867 619 2936 recipere
638 2885 763 2937 grassem
783 2885 868 2922 unurn
887 2867 922 2922 de
945 2885 1062 2937 persona
1087 2867 1260 2922 intitulauda
1280 2870 1316 2922 ad

128 2957 308 3010 matriculam
327 2958 468 3024 nacionis3
488 2959 562 3026 quod
580 2959 749 3012 universitas
768 2977 824 3013 non
842 2959 985 3024 concessit,
1015 2959 1064 3012 sed
1083 2959 1157 3027 quod
1185 2976 1315 3028 procura-

128 3051 171 3100 tor
189 3047 317 3100 nacionis
347 3047 462 3101 deberet
489 3049 663 3102 conscribere
691 3065 772 3102 usum
790 3049 980 3118 pecuniarum,
1009 3051 1117 3102 statuto
1144 3049 1269 3103 nacionis
1288 3055 1316 3103 et

127 3136 183 3188 alia
202 3141 231 3190 et
251 3137 302 3189 illa
320 3135 420 3190 offerre
452 3139 629 3192 universitati
649 3143 677 3192 et
696 3143 793 3208 postea
822 3139 988 3192 universitas
1017 3139 1103 3191 vellet
1132 3137 1314 3194 deliberare«

128 3223 579 3282 Actafac.art.1.iol.170b:
610 3229 701 3282 »Item
728 3235 847 3299 protunc
878 3230 958 3283 nacio
987 3227 1113 3300 ngarie
1145 3230 1316 3300 supplicavit

128 3317 267 3383 quatenus
286 3316 485 3370 concederetur
498 3315 551 3371 sibi
571 3317 712 3373 celebrare
732 3319 834 3373 festum
851 3319 940 3373 sancti
954 3317 1041 3388 Regis
1055 3318 1181 3372 Ladislai
1200 3323 1229 3372 et
1242 3319 1316 3387 quod

128 3406 316 3474 asuppositis
347 3407 403 3460 suis
431 3411 524 3475 posset
552 3407 675 3476 recipcre
703 3409 850 3477 pecuniam
878 3407 914 3461 ad
941 3408 1091 3462 honorifice
1120 3407 1315 3462 celebrandum

127 3493 231 3548 iestum
251 3495 312 3562 hoc,
341 3499 370 3549 et
388 3496 462 3564 quod
489 3495 606 3550 haberet
633 3497 811 3550 matriculam
837 3513 929 3563 unam,
958 3497 988 3550 in
1007 3513 1063 3566 qna
1082 3497 1246 3550 inscriberet
1267 3513 1317 3550 sua

128 3585 280 3654 supposita.
300 3585 339 3640 Et
358 3585 449 3654 quoad
468 3587 590 3654 primum
609 3586 716 3654 placuit
736 3587 922 3650 universitati,
942 3585 1015 3654 quod
1044 3591 1116 3640 esset
1144 3586 1316 3640 celebratum

128 3673 231 3727 festum
251 3675 419 3743 predictum.
441 3676 480 3728 sic
499 3679 602 3740 tamen,
635 3677 708 3744 quod
737 3677 786 3729 illa
815 3677 860 3729 die
889 3694 943 3729 non
972 3679 1084 3745 proprio
1112 3677 1227 3730 deberet
1256 3693 1315 3730 esse

129 3763 231 3817 festum
267 3765 476 3832 universitatis3
515 3765 563 3819 sed
592 3767 683 3834 quoad
714 3767 892 3820 matriculam
921 3765 1079 3820 habendam
1110 3773 1139 3820 et
1170 3767 1317 3835 pecuniam

127 3854 316 3923 colligendam
344 3855 451 3924 placuit
480 3855 659 3909 universitati
691 3857 765 3924 quod
794 3859 957 3924 procurator
975 3855 1100 3910 nacionis
1128 3855 1317 3908 conscriberet

127 3943 157 3996 in
176 3961 233 3998 una
265 3943 364 3998 cedula
394 3945 583 4000 intencionem
611 3945 743 4006 nacionis,
773 3945 882 3998 scilicet
910 3945 946 3998 sd
974 3962 1058 4014 quem
1086 3961 1167 3997 usum
1194 3949 1223 3997 et
1246 3941 1316 4011 ¹quo-

127 4035 208 4088 modo
227 4035 314 4088 vellat
342 4051 479 4103 exponere
499 4035 578 4088 illam
596 4035 751 4102 pecuniam,
783 4037 812 4088 at
830 4039 965 4102 quantum
997 4035 1117 4103 quilibet
1140 4033 1207 4087 dare
1236 4033 1317 4088 debe-

128 4128 177 4188 ret,
198 4129 228 4180 ct
246 4124 320 4178 illud
339 4125 474 4193 scriptum
493 4125 609 4178 deberat
627 4129 788 4194 presentare
807 4124 958 4192 deputatis,
979 4125 1027 4193 qui
1058 4123 1194 4178 habereut
1212 4123 1315 4176 videre,

127 4230 163 4265 an
182 4214 330 4282 expediret
349 4215 528 4269 universitati
547 4214 698 4269 concedere
717 4215 803 4268 talem
823 4215 1018 4269 collectionem
1040 4214 1157 4282 pecunie
1177 4217 1205 4266 et
1230 4214 1317 4281 parti·

128 4303 252 4357 cularam
271 4303 474 4360 exaccionems
504 4305 547 4359 Aa
566 4308 695 4374 egyeteru
722 4321 790 4358 saon
809 4303 981 4374 gyiilesenek
999 4304 1082 4370 kelta,
1103 4304 1233 4372 melyben
1252 4321 1316 4358 ezen

127 4393 318 4457 javaslatokat
349 4393 577 4460 beterjesztettek
607 4412 624 4448 a
654 4393 783 4448 rsctorok
811 4393 943 4458 sctbibril,
973 4395 1051 4448 264.
1083 4395 1130 4462 lap
1158 4391 1228 4446 eldtt
1256 4393 1318 4448 levd

128 4481 214 4551 harag
244 4483 337 4549 misit,
369 4485 469 4550 asinos,
498 4485 528 4538 lri
547 4500 611 4538 nam
631 4482 747 4550 veheti53
768 4500 800 4536 az
830 4483 953 4538 artistak
979 4483 1102 4538 actsibcl
1130 4483 1254 4536 asonban
1274 4487 1317 4534 ast

128 4571 219 4638 latjuk
248 4573 322 4642 hogy
342 4589 407 4626 esen
426 4573 484 4657 iilis
505 4575 583 4626 1414.
603 4573 652 4639 jul.
673 4574 756 4625 dien
775 4575 909 4652 tartatott
929 4589 1000 4640 meg.

851 4692 854 4723 l

849 4769 853 4804 l

835 4957 840 4995 l
