3334 5322
1234 425 1296 490 est

109 621 198 703 regis
223 618 379 702 Ladislai,
404 625 444 690 25
471 621 624 690 candelas
652 622 793 692 minores
817 627 850 689 et
873 626 895 687 4
919 621 1069 704 maiores,
1093 622 1299 706 presentibus

109 727 233 794 ibidem
249 731 488 798 venerabilibus
505 734 583 798 viris
606 731 698 816 Mag.
714 733 815 798 Petro
833 728 978 798 Gotfard
998 731 1039 796 de
1055 729 1195 812 Corona,
1218 731 1300 796 item

109 835 202 919 Mag.
220 836 326 902 Paulo
350 831 417 922 [de]
442 836 602 922 Stokraw,
624 839 810 906 baccalario
833 841 868 905 in
887 839 1061 922 theologia,
1079 843 1114 904 et
1135 837 1301 904 Michaele

110 941 150 1007 de
175 942 290 1025 Pesth,
315 944 510 1030 baccalario,
534 947 661 1014 adhoc
685 946 872 1034 specialiter
895 947 1021 1030 rogatis
1044 952 1078 1012 et
1100 946 1231 1010 vocatis.

635 1108 715 1170 (1666
734 1108 783 1168 11.)

219 1213 293 1303 Ego
317 1218 425 1304 Mag.
449 1219 684 1286 Johannes
712 1219 968 1287 Perchtuer
992 1217 1041 1284 de
1064 1219 1191 1304 Egra,
1223 1243 1299 1306 pro·

109 1331 248 1394 curator
266 1327 379 1394 inclite
403 1329 549 1394 nacionis
573 1327 757 1414 Hungarie,
775 1329 899 1394 electus
921 1329 957 1394 16
975 1327 1027 1394 die
1051 1331 1156 1395 sancti
1180 1327 1298 1396 Cholo-

108 1435 224 1500 manni
247 1436 402 1518 martiris,
425 1455 485 1519 per
508 1443 676 1520 presentes
700 1457 895 1519 recognosco
928 1457 980 1502 me
1004 1438 1187 1520 percepisse
1210 1459 1299 1504 ave-

109 1543 254 1610 nerabili
278 1544 347 1608 viro
372 1543 462 1628 Mag.
482 1543 654 1611 Anthonio
678 1545 719 1610 de
743 1543 920 1610 Macrancz
943 1533 965 1610 4
990 1543 1206 1628 Ungaricales
1229 1545 1299 1612 flor.

1346 1309 1424 1370 1465,

1327 1375 1384 1428 okt.
1401 1383 1442 1430 13.

110 1651 176 1715 veri
202 1657 237 1715 et
260 1651 338 1716 iusti
362 1648 515 1734 ponderis
539 1657 572 1718 66
589 1657 608 1718 9
626 1651 835 1733 sol.Wienn.,
859 1673 946 1718 auno
971 1653 1106 1718 Domini
1129 1653 1299 1718 millesimo

109 1757 434 1842 quadringentesimo
458 1761 659 1843 sexagesimo
683 1759 809 1844 quinto.

219 1867 293 1949 Ego
309 1865 399 1951 Mag.
409 1865 436 1933 J
437 1867 582 1934 ohannes
597 1875 907 1953 supramemoratus,
926 1889 1011 1934 anno
1027 1877 1087 1936 etc.
1098 1872 1298 1956 sexagesimo

109 1979 214 2054 sexto,
238 1973 334 2038 Dom.
357 1981 391 2040 66
422 1975 514 2060 Mag.
539 1975 720 2044 venerabili
744 1975 880 2043 Andree
913 1977 954 2042 de
987 1975 1109 2044 Sancto
1143 1975 1298 2062 Georgia,
1347 1997 1423 2044 1466.

110 2080 246 2146 ecclesie
270 2080 297 2146 J
298 2081 458 2148 auriensis
491 2084 654 2166 canonice,
679 2085 875 2167 computatis
900 2091 934 2149 66
957 2084 1128 2152 defalcatis
1160 2087 1296 2169 singulis

110 2193 142 2250 et
166 2187 319 2254 omnibus
343 2209 403 2272 per
426 2213 479 2254 me
502 2193 632 2259 nomine
655 2193 802 2258 nacionis
833 2192 961 2276 6661666
985 2195 1149 2277 expositis,
1173 2195 1297 2260 tradidi

108 2295 366 2380 4Ungaricales
390 2299 470 2364 iusti
493 2301 612 2366 otveri
636 2299 787 2384 ponderis
811 2305 845 2364 et
872 2305 911 2366 12
935 2301 1142 2384 sol.Wienn.,
1166 2323 1297 2387 presen-

109 2404 198 2470 tibus
214 2405 306 2488 Mag.
315 2405 489 2472 Anthonio
507 2401 574 2492 [de]
592 2408 770 2474 Macranca
787 2407 995 2474 etMichaele
1006 2409 1296 2494 deFereschmart,

109 2515 236 2578 arcium
260 2513 461 2596 waccalario,
485 2515 626 2582 testibus
659 2515 703 2582 ad
734 2516 896 2600 premissa
919 2518 1042 2582 vocatis
1066 2523 1099 2582 66
1122 2519 1297 2602 requisitis.

643 2658 723 2720 (1466
743 2657 776 2719 Ι.)

217 2763 293 2852 Ego
316 2767 424 2850 Mag.
447 2764 655 2834 Andreas
686 2766 801 2848 fateor,
825 2771 862 2832 ut
884 2768 1096 2850 premittitur,
1120 2790 1141 2834 6
1164 2790 1297 2836 venera·

108 2875 167 2942 bili
190 2876 284 2960 Mag.
308 2875 464 2941 Iohanne
488 2875 528 2940 de
551 2875 644 2960 Egra
656 2871 682 2957 ι)
706 2874 856 2960 predicta
880 2875 1050 2960 recepisse.

217 2983 318 3049 Anno
353 2987 448 3050 1466.
486 2983 647 3066 Exposita
680 3004 739 3066 per
772 2983 862 3066 Mag.
890 2982 1061 3050 Andream
1093 2986 1134 3052 dc
1173 2984 1294 3052 Sancto
1315 2997 1363 3054 fol.
1380 3009 1444 3054 102³

109 3090 250 3178 Georyo,
267 3092 460 3157 canonicum
477 3089 610 3156 ecclesie
627 3089 653 3156 J
654 3090 821 3173 auriensis,
838 3091 1045 3159 decretorum
1064 3093 1294 3176 bacealarium,
1397 3169 1399 3172 ¹

108 3221 166 3282 pro
191 3199 329 3266 comodo
361 3200 507 3264 nacionis
531 3206 565 3265 66
588 3199 750 3266 utilitate:
784 3201 870 3266 Item
903 3203 1098 3268 universitas
1130 3203 1219 3268 misit
1252 3203 1294 3269 ad

111 3307 264 3374 comitem
286 3305 475 3374 Iohannem
507 3307 547 3373 de
580 3305 741 3392 Samberg
773 3329 834 3392 pro
866 3308 1062 3376 liberacione
1094 3304 1294 3395 cui[us]dam

109 3415 274 3481 studentis
307 3417 341 3480 in
375 3421 483 3482 castro
516 3416 644 3482 166666Ι
660 3415 805 3498 (1666661;
837 3417 958 3481 666616
983 3423 999 3481 7
1026 3439 1073 3500 gr.
1097 3418 1181 3501 dedi,
1215 3419 1294 3484 item

109 3521 238 3590 bedello
263 3545 322 3609 pro
345 3523 444 3590 litera
469 3529 488 3588 2
513 3547 575 3608 gr.;
607 3525 686 3590 item
708 3525 743 3590 iu
767 3524 878 3590 codem
902 3525 1036 3608 negocio
1060 3527 1203 3592 secunda
1226 3529 1294 3592 vicc

108 3632 227 3698 nuncio
254 3636 295 3696 33
321 3631 402 3714 den,
425 3631 556 3698 bedello
579 3654 638 3717 pro
662 3631 789 3700 duabus
811 3631 918 3698 literis
943 3637 984 3698 18
1009 3633 1091 3714 den,
1107 3635 1164 3718 qui
1187 3635 1294 3701 bedel-

109 3738 157 3802 lus
179 3739 247 3806 1616
270 3741 418 3806 notarius
440 3742 673 3807 universitatis.
703 3741 790 3808 Item
814 3741 848 3806 in
872 3741 933 3822 die,
958 3760 1023 3824 qua
1046 3740 1207 3808 calculum
1231 3743 1294 3810 feci

109 3867 180 3912 cnm
204 3854 430 3936 procuratore,
453 3870 524 3914 meo
548 3869 745 3932 precessore,
769 3869 828 3931 pro
852 3847 1029 3914 collacione
1049 3853 1089 3914 31
1107 3849 1192 3930 den,
1215 3851 1294 3916 item

108 3975 166 4036 pro
199 3954 379 4021 collacione
411 3956 446 4022 in
469 3955 523 4022 die
556 3961 668 4022 sancte
693 3955 876 4038 Trinitatis,
905 3977 972 4039 qua
1004 3957 1293 4040 congregacionem
1328 4009 1340 4074 J.

108 4063 255 4128 nacionis
279 4062 430 4145 feceram,
454 4066 588 4147 exposui
621 4087 680 4148 pro
704 4065 778 4129 vino
805 4068 845 4130 11
870 4063 959 4146 den,
983 4066 1062 4129 item
1095 4065 1294 4148 predicatori
1422 4052 1428 4065 ’

110 4169 208 4236 2661
234 4171 341 4254 prima
363 4173 440 4254 vice,
472 4172 550 4237 item
576 4175 592 4236 1
619 4171 677 4238 sol.
700 4171 773 4238 den.
797 4177 831 4235 66
854 4172 901 4238 616
933 4173 967 4236 16
991 4177 1060 4238 6666
1092 4174 1294 4257 predicatori

109 4281 127 4341 3
150 4279 208 4344 sol.
233 4277 323 4344 solvi.
356 4278 442 4344 Item
465 4300 525 4362 pro
550 4280 738 4362 peractione
761 4279 915 4344 stacionis
940 4281 1045 4344 sancti
1069 4281 1154 4364 regis
1177 4281 1293 4346 Ladis-
1318 4251 1436 4380 jffl’,

107 4383 151 4452 161
176 4387 218 4472 ll,
244 4385 327 4464 libr,
351 4407 412 4471 pro
435 4386 607 4454 frondibus
633 4393 652 4452 6
677 4387 747 4452 den.
779 4388 867 4452 Item
891 4387 996 4453 tribus
1019 4387 1154 4455 bedellis
1178 4389 1292 4454 eodem

108 4493 158 4560 die
181 4495 322 4562 cuilibet
348 4501 363 4562 1
390 4519 447 4580 gr,
470 4497 548 4564 item
572 4495 696 4562 famulo
719 4495 839 4562 bedelli
864 4501 883 4561 3
907 4497 979 4563 den.
1007 4497 1095 4562 Item
1118 4500 1292 4582 6666661·

109 4618 324 4632 —————-—.

217 4675 238 4738 ¹)
257 4671 405 4726 61666166
426 4672 501 4744 Mag.
523 4673 634 4728 Andree
653 4672 689 4744 (l)
708 4672 740 4730 dc
760 4671 865 4728 sancto
883 4673 1002 4743 0666616
1021 4675 1112 4730 611666.

1137 4785 1184 4838 rs*
