3324 5326
1278 479 1341 540 331

156 677 266 744 tribus
291 679 430 746 dominis
453 681 722 764 procuratoribus
746 678 887 746 aliarum
910 677 1081 746 nationum
1105 675 1217 744 eodem
1233 675 1286 740 die
1308 677 1343 740 in

158 787 368 872 magnificum
385 789 562 856 Rectorem
577 791 836 875 'archigymnasii
851 789 1050 858 Viennensis
1066 787 1222 872 elegimus
1252 785 1343 851 nobi-

156 895 221 963 lem
254 905 353 983 atque
386 899 604 966 clarissimum
635 901 742 967 virum
774 899 870 966 Dom.
903 897 1119 965 Benedictum
1152 897 1345 981 Pergerum,

156 1006 337 1074 medicinae
361 1007 537 1075 doctorem.

267 1137 324 1204 Ab
348 1145 554 1205 antecessore
578 1161 659 1222 mec,
676 1139 777 1206 nobili
795 1145 833 1206 et'
843 1139 1021 1206 clarissimo
1037 1137 1107 1204 viro
1122 1135 1218 1202 Dom.
1241 1133 1343 1201 Petro
1418 1173 1422 1181 ·

155 1245 349 1328 Lamberto,
369 1246 454 1328 juris
476 1249 646 1333 utriusque
669 1247 811 1330 doctore,
834 1253 967 1333 praeter
992 1247 1099 1314 dictae
1121 1245 1262 1330 inclytae
1285 1267 1344 1312 na-

155 1355 259 1419 tionis
281 1353 402 1420 librum
419 1361 453 1420 et
468 1355 697 1424 nonnullorum
714 1357 918 1423 dominorum
941 1361 1183 1422 antecessorum
1198 1354 1233 1418 in
1250 1354 1344 1419 char-

157 1464 206 1528 tis
229 1469 313 1544 acta,
346 1464 457 1548 accepi
490 1465 580 1545 nihil,
604 1487 707 1548 quare
731 1467 831 1532 etiam
863 1465 946 1559 nihil
969 1464 1103 1549 exposui
1126 1485 1223 1547 quam
1255 1463 1343 1546 quod

156 1570 336 1636 successori
360 1593 441 1652 meo,
464 1572 566 1638 nobili
590 1593 629 1638 ao
653 1575 826 1640 excellenti
849 1575 920 1639 viro
943 1571 1040 1638 Dom.
1074 1572 1164 1656 Mag.
1187 1571 1343 1639 Andreae

156 1678 301 1746 Lechler
325 1686 460 1765 accepta
486 1681 568 1748 haec
591 1681 735 1750 fideliter
757 1685 963 1768 resignarim.

268 1807 334 1874 Per
349 1809 410 1876 hoc
426 1811 592 1894 integrum
608 1817 766 1878 semestre
781 1813 990 1896 insuperiori
1009 1812 1159 1895 [lugaria
1182 1810 1343 1877 exercitus

155 1916 376 2002 Imperatoris
399 1919 460 1984 sub
485 1921 567 1985 duce
589 1920 713 1986 illustri
736 1918 863 1992 Comite
887 1920 983 1987 Dom.
1015 1918 1160 2003 Georgio
1182 1919 1288 1985 Basta
1310 1919 1343 1984 in

157 2025 377 2110 expeditione,
411 2029 510 2094 etia-m
533 2029 567 2092 in
591 2029 792 2112 gravissimis
824 2027 1027 2113 hyemalibus
1059 2029 1246 2112 frigoribus,
1270 2050 1344 2094 con·

156 2136 358 2200 stantissime
381 2139 604 2221 perseveravit
627 2138 669 2203 ed
700 2139 919 2204 resistendum
957 2139 1103 2222 Ungaris
1144 2137 1343 2220 foedifragis,

156 2243 314 2328 periuris,
337 2242 634 2320 rebellantibuset
657 2247 727 2328 regi
751 2267 809 2311 suo
834 2245 1082 2312 clementissimo
1116 2245 1237 2311 bellum
1261 2245 1345 2310 indi·

157 2351 315 2433 centibus,
328 2352 476 2434 authore,
487 2359 685 2420 commotore
696 2360 729 2419 et
738 2353 873 2420 ductore
883 2375 1025 2439 nequam
1035 2355 1165 2420 homine
1175 2352 1343 2438 Stephano

157 2461 342 2528 Botschkai
367 2461 617 2545 Transsylvanu
641 2462 847 2547 quarundam
869 2464 1110 2548 possessionum
1126 2463 1160 2528 in
1183 2462 1343 2548 superiori

156 2569 308 2652 Ungaria
323 2591 518 2654 possessore,
529 2572 584 2654 qui
601 2570 664 2636 fide
674 2571 780 2637 fracta
790 2591 810 2636 a
820 2573 950 2639 domino
961 2593 1001 2638 ac
1015 2593 1092 2656 rege
1108 2593 1166 2638 suo
1183 2571 1343 2652 deficiens,

156 2678 305 2760 ngaris
315 2678 574 2763 etHaydonibus
590 2681 749 2745 exercitui
758 2680 975 2765 imperatoris
989 2681 1155 2760 immixtis,
1171 2678 1342 2764 stipendiis

155 2807 287 2869 quoque
303 2785 519 2870 Imperatoris
530 2787 706 2866 conductis,
718 2787 857 2873 aliisque
867 2788 1134 2854 eorumlocorum
1145 2788 1270 2872 plebeis
1286 2788 1343 2853 ho-

157 2894 305 2960 minibus
314 2896 496 2979 periurium
506 2902 539 2960 et
550 2894 882 2980 defectionemarege
893 2917 950 2962 sno
962 2903 995 2964 et
1005 2902 1042 2962 ut
1053 2904 1343 2962 commemoratum

157 3004 341 3068 exercitum
357 3003 574 3088 Imperatoris
586 3025 642 3070 seu
652 3005 741 3087 regis
752 3025 864 3070 eorum
875 3005 1064 3089 aliqualiter
1080 3005 1276 3072 distractum
1287 3003 1344 3068 do·

155 3111 225 3176 lose
249 3133 288 3177 ac
305 3113 458 3178 insidiose
480 3113 683 3193 invaderent,
706 3114 879 3196 utriusque
903 3135 998 3179 sexus
1022 3113 1170 3178 homines
1193 3113 1343 3196 vulgares

154 3241 309 3286 unacum
319 3221 463 3304 parvulis
479 3221 693 3303 trucidarent,
703 3222 877 3304 primarios
888 3243 964 3287 vero
974 3222 1059 3288 viros
1069 3221 1206 3286 vinculis
1222 3221 1344 3285 manci·

154 3335 284 3414 parent,
300 3331 471 3413 persuasit,
487 3330 576 3414 quod
587 3323 684 3415 (proh
695 3325 801 3412 dolor)
812 3335 846 3395 et
857 3331 963 3396 evenit
978 3335 1078 3414 atque
1088 3351 1198 3395 eorum
1214 3328 1343 3408 auxilie,

155 3435 376 3502 Tartarorum
392 3437 640 3522 Turcarumque
658 3437 841 3522 efflagitata
856 3445 890 3506 et
906 3439 1045 3505 obtenta
1061 3461 1130 3523 ope,
1147 3436 1343 3517 Oassoviam,

153 3546 340 3612 Fillcckum
355 3547 484 3630 aliaque
501 3569 600 3631 quam
616 3547 758 3630 plurima
772 3547 844 3633 loce
861 3555 895 3614 et
911 3547 1046 3615 castella
1061 3569 1120 3632 per
1143 3549 1342 3632 superiorem

155 3655 369 3739 Hungariam
393 3640 455 3723 sibi
483 3657 624 3723 subiecit
647 3677 686 3721 ac
708 3658 889 3740 occupavit,
912 3656 1099 3722 libertatem
1123 3678 1250 3722 omnem
1273 3654 1343 3721 Un-

156 3763 247 3846 garis
271 3761 436 3849 pollicens,
458 3765 551 3846 regni
573 3764 769 3848 primatibus
793 3763 928 3832 diversis
951 3767 1080 3850 scriptis
1097 3771 1129 3832 et
1144 3765 1344 3831 invitationi·

154 3872 218 3938 bus
251 3871 384 3955 publica
416 3864 556 3956 comitiaf
579 3873 646 3938 sive
679 3873 849 3956 generales
889 3879 1066 3940 conventus
1098 3874 1182 3938 serio
1222 3870 1343 3936 indixit

154 4000 258 4063 seque
281 3978 468 4065 Principem
501 3979 670 4064 Ungariae
694 4003 733 4048 ac
756 3981 1029 4066 Transsylvaniae
1053 3982 1269 4062 comitemque
1293 3975 1342 4042 Si-

155 4089 304 4154 culorum
319 4090 512 4171 vocitarent,
530 4096 744 4173 agnoscerent
759 4111 799 4156 ac
814 4095 1038 4174 sequerentur,
1055 4111 1108 4155 eos
1124 4089 1184 4154 sub
1198 4087 1342 4153 omnium

154 4197 318 4264 bonorum
341 4217 454 4262 eorum
477 4198 650 4263 amissione
674 4203 707 4264 et
730 4199 816 4264 vitae
840 4198 993 4282 propriae
1017 4197 1186 4282 dispendio
1210 4202 1342 4260 strenue

154 4307 328 4372 admonuit
351 4325 390 4371 ac
404 4305 557 4372 hortatus
580 4312 640 4372 est.
663 4307 834 4372 Monetam
856 4313 925 4372 tam
949 4328 1088 4376 auream,
1107 4327 1205 4389 quam
1229 4325 1342 4387 argeu-

153 4419 245 4479 team
270 4433 370 4496 supra
403 4413 565 4498 expressis
593 4413 708 4494 titulis,
733 4421 803 4479 tum
826 4413 990 4498 Principis
1014 4420 1083 4480 tum
1106 4410 1244 4479 Oomitis
1268 4409 1342 4476 cudi

153 4543 196 4588 ae
219 4521 371 4606 insigniri
395 4522 520 4586 curavit
544 4525 577 4586 et
600 4523 774 4606 praecepit,
798 4527 899 4614 atque
922 4519 1106 4588 Germanos
1130 4541 1248 4600 omnes,
1272 4525 1341 4584 tam

154 4629 281 4696 incolas
305 4650 404 4713 quam
430 4629 571 4696 advenas
597 4652 656 4714 per
679 4636 785 4696 totam
808 4631 991 4714 Ungariam
1015 4629 1244 4714 deprehensos,
1268 4649 1341 4711 spo-

153 4737 284 4804 liandos
307 4759 383 4803 mox
415 4737 622 4804 trucidarent
638 4727 639 4730 ¹
655 4739 721 4804 suis
744 4739 875 4804 asseclis
899 4737 1043 4822 Ungaris
1068 4744 1101 4802 et
1123 4734 1340 4821 Haydonibus
