3330 5324
348 441 411 504 352

347 641 519 721 grassatur
543 644 595 704 sat
612 635 787 720 funestum,
813 635 1046 704 desiderantur
1063 633 1205 703 militum
1228 641 1370 719 utraque
1386 637 1534 718 exparte

346 747 480 814 diversis
503 749 537 813 in
560 748 805 814 excursionibus
827 769 894 814 non
917 747 1022 832 pauci.
1056 743 1285 831 Oppugnatur‚
1309 743 1455 810 sednon
1481 765 1534 810 ex·

345 861 521 940 pugnatur,
545 878 564 921 a
588 854 726 924 Venetis
750 855 921 938 Gradisca„
946 877 1005 921 sm
1028 861 1147 921 natura
1164 859 1199 920 et
1214 858 1287 920 arte
1304 853 1534 918 munitissima.
1640 940 1641 943 Ἴ

344 962 531 1047 Implorant
553 963 675 1032 Veneti
699 963 929 1029 Holandorum
953 963 1076 1029 auxilia
1108 984 1174 1027 non
1206 962 1339 1043 frustra,
1374 959 1534 1026 accedunt

347 1072 431 1137 enim
455 1071 659 1140 Venetorum
682 1073 799 1138 castris
823 1072 896 1156 plus
920 1073 1028 1138 minus
1053 1076 1127 1137 600.

453 1179 522 1246 Sub
546 1203 620 1247 mea
643 1181 705 1246 hac
728 1183 919 1265 procuratis
942 1182 1092 1266 inscripti
1117 1185 1194 1248 sunt
1217 1186 1408 1264 sequentes:

452 1288 582 1356 Nobilis
599 1296 632 1355 et
648 1291 847 1357 clarissimus
870 1289 966 1356 Dom.
991 1288 1118 1374 Caspai·
1137 1287 1533 1374 Jeschky‚pni10s0phiae
1641 1335 1642 1384 1

346 1403 380 1463 et
402 1398 560 1484 medicine
585 1399 707 1482 doctor,
731 1399 824 1466 dedit
846 1397 1016 1465 florenum.

453 1505 618 1590 Georgius
642 1509 786 1575 Kolbius
810 1507 948 1576 Silesius
972 1509 1143 1592 Nissenus,
1177 1514 1408 1576 sacrosanctae
1442 1507 1533 1572 theo·

236 1633 239 1650 ¹
346 1613 453 1698 logias
477 1617 653 1698 studiosus,
677 1619 793 1700 gratis.

452 1723 631 1791 Balthasar
656 1725 829 1792 Kolsdorff
851 1724 987 1794 Silesius
1003 1725 1173 1808 Nissenus‚
1199 1726 1384 1810 theologiae
1409 1725 1531 1790 studio·

346 1853 409 1914 sus,
432 1833 546 1916 gratis.

202 1945 251 2000 fol.
268 1954 332 2000 157⁸
454 1939 648 2006 Joacbimus
672 1941 832 2009 Peceldus
855 1941 1081 2028 Glogoviensis
1105 1941 1249 2024 Silesins,
1273 1943 1395 2008 artium
1412 1947 1447 2007 et
1463 1941 1532 2026 plri-

344 2045 511 2130 losophiae
535 2049 713 2133 studiosus,
737 2050 828 2116 dedit
852 2055 872 2114 9
897 2073 941 2117 or.

453 2151 542 2238 Quos
566 2158 664 2224 etiam
688 2160 866 2224 successori
890 2179 960 2226 meo
984 2180 1147 2225 unacum
1171 2158 1347 2224 matricula
1370 2163 1406 2224 et
1422 2157 1530 2223 lsduls

345 2265 521 2328 transmisi.
554 2263 733 2330 Floreuum
756 2263 885 2349 pedello
908 2267 1133 2332 universitatis
1157 2287 1216 2350 pro
1241 2265 1411 2331 laboribus
1434 2265 1528 2350 pluri·

343 2371 405 2438 bus
429 2371 570 2438 abhinc
593 2375 686 2440 annis
710 2373 833 2442 habitis
859 2380 893 2440 et
916 2377 1076 2460 susceptis
1099 2375 1228 2440 nomine
1253 2375 1374 2459 inclyte
1390 2373 1530 2439 nationis
1642 2355 1643 2424 Ῐ

345 2479 478 2546 tradidi.

454 2587 544 2653 Acte
569 2593 602 2653 et
626 2590 765 2656 actitata
789 2591 822 2654 in
846 2591 1097 2674 congregatione
1121 2589 1253 2675 publica
1272 2595 1321 2655 13.
1338 2589 1458 2656 Martii
1473 2611 1528 2674 pro

345 2695 577 2763 reformatione
610 2697 753 2781 inclytae
775 2699 927 2780 nationis,
959 2699 1038 2782 quia
1061 2699 1240 2764 venerabili
1264 2699 1455 2764 consistorio
1478 2721 1529 2764 ex·

345 2803 451 2870 hibita
476 2811 508 2872 et
531 2807 668 2872 necdum
693 2806 886 2892 approbata,
911 2807 1059 2874 consulto
1083 2810 1208 2874 omitte.

593 2913 736 2982 Vanitas
760 2917 944 2982 vanitatum
968 2923 1001 2982 et
1025 2917 1134 2982 omnia
1156 2919 1293 2982 vanitas.

570 3021 696 3088 Averte
720 3023 840 3105 oculos,
864 3045 905 3088 ne
929 3025 1063 3090 videant
1086 3020 1307 3106 vanitatem).

887 3132 945 3198 Fr.
969 3131 1232 3198 Theodorus
1255 3133 1487 3212 Fichtner,

230 2571 308 2631 1617,

192 2640 291 2692 maroc.
305 2643 343 2690 13.

1107 3235 1157 3304 qui
1176 3255 1268 3306 supra.

876 3349 957 3410 (1617
976 3349 1010 3410 Ῑ.)

230 3458 308 3516 ¹⁶¹⁷*
454 3469 546 3539 duno
571 3474 796 3554 MDOXVH,
827 3478 861 3542 in
885 3478 970 3543 festo
994 3483 1181 3545 sanctorum
1206 3477 1350 3544 Tiburtii
1374 3486 1408 3544 et
1431 3479 1525 3546 Vale·

201 3539 260 3592 ⁸¹³*
282 3531 323 3578 '⁴'
345 3583 438 3664 riani,
463 3603 522 3668 ego
554 3582 661 3667 Mag·
693 3582 919 3668 Georgius
952 3584 1117 3670 Si5⁰¹¹¹2
1151 3588 1330 3653 fh⁰t⁰fi⁰⁰⁸
1363 3588 1524 3670 professor

345 3691 537 3772 ordinarius,
552 3689 595 3756 ab
619 3693 742 3775 inclyta
765 3695 899 3758 natione
918 3695 1088 3778 Ungarica
1105 3697 1138 3760 in
1154 3702 1401 3780 procuratorem
1419 3701 1527 3780 postu-

344 3797 432 3862 latus
465 3797 521 3864 lui.
554 3797 586 3864 A
619 3799 869 3882 praedecessore
901 3823 973 3866 meo
1007 3802 1181 3868 Theodoro
1204 3801 1336 3867 Joannc
1360 3803 1526 3884 Fichtner,

344 3911 574 3970 sacrosanctae
597 3905 781 3990 theologiae
805 3907 948 3990 doctore,
980 3910 1102 3976 ordinis
1131 3909 1413 3992 Praedicatorum‚
1448 3911 1526 3976 hunc

344 4011 466 4077 librum
490 4019 524 4078 et
547 4012 659 4079 debita
682 4015 845 4098 quaedem
868 4018 911 4082 ud
935 4017 1021 4084 hunc
1045 4019 1275 4086 concernentia
1299 4021 1421 4102 accepi.

452 4119 618 4188 Videlicet
649 4145 708 4207 pro
750 4125 833 4190 festo
867 4125 939 4192 divi*
963 4127 1113 4194 Ladislai
1151 4125 1355 4207 celebrando,
1388 4128 1525 4193 medium

345 4225 512 4311 florenum,
545 4251 640 4312 quem
673 4233 844 4315 praefatus
876 4233 971 4300 Dom.
1004 4235 1130 4300 Doctor
1159 4235 1316 4300 Fiohtner
1340 4235 1525 4300 contribuit.

452 4337 538 4403 Item
562 4339 705 4405 medium
730 4340 888 4407 florenum
912 4363 932 4407 a
956 4341 1053 4409 Dom.
1076 4342 1219 4408 Doctore
1241 4339 1392 4426 Geysler.

451 4445 536 4514 Item
561 4467 581 4511 a
604 4447 698 4513 Dom.
724 4448 870 4514 Doctore
893 4445 1034 4515 Olitorio
1059 4455 1101 4514 30
1125 4448 1175 4516 lrr.
1315 4451 1319 4457 ’

451 4552 537 4618 Item
562 4576 582 4619 a
605 4554 700 4622 Dom.
724 4556 872 4624 Doctore
896 4556 1014 4624 Jeslrio
1039 4563 1082 4623 30
1105 4558 1156 4624 kr.

347 4660 561 4668 *—

456 4701 475 4762 1)
494 4697 532 4748 Er
554 4695 639 4750 alrtt
657 4697 805 4766 symbolon
821 4697 851 4750 ki
870 4715 925 4752 van
942 4698 1040 4754 hdzra.

213 4105 308 4182 trem,

207 4171 268 4236 Jirn.
284 4178 326 4223 27.
