3296 5328
335 414 375 474 56

185 611 250 655 ¹⁴⁶³
271 607 283 654 1
445 609 515 677 Sub
539 616 732 697 procuracie
756 617 888 700 propria
912 618 1099 684 intitulatus
1123 615 1187 682 fnit
1210 615 1301 704 Meg.
1332 611 1457 678 Paulus
1485 611 1522 676 de
1612 595 1613 610 ¹

335 724 474 804 (torona,
498 726 533 788 in
558 746 652 790 secra
675 724 839 810 theologia
863 725 1074 806 beccelerius,
1097 747 1183 791 enno
1197 725 1329 790 Domini
1355 721 1522 790 millesimo

335 833 656 916 quadringentesimo
680 835 879 917 sexagesimo
903 835 1012 914 tercio,
1037 834 1127 900 dedit
1153 839 1171 898 3
1197 857 1245 918 gr.

182 973 249 1019 14⁶6
270 969 284 1018 1
445 955 516 1027 Sub
540 962 733 1046 procuracia
755 961 848 1045 Mag.
865 959 1008 1028 'Andree
1033 963 1073 1028 de
1098 959 1219 1027 Sancto
1244 957 1399 1043 Georgio,
1433 981 1523 1026 ceno·

336 1071 401 1135 nici
425 1069 558 1134 ecclesie
582 1067 766 1135 Jeuriensis
791 1092 877 1134 enno
905 1057 1001 1152 1466,Ι
1031 1071 1239 1136 decretorum
1271 1069 1448 1135 beccelerii
1481 1070 1523 1133 in·

336 1177 461 1244 titulati
485 1185 560 1244 sunt
584 1178 802 1264 infrascripti:

445 1289 530 1354 Item
557 1289 752 1355 venerabilis
777 1289 826 1354 vir
849 1288 939 1372 Meg.
963 1287 1150 1354 Anthonius
1176 1289 1216 1354 de
1233 1287 1419 1368 Maerencz,
1436 1309 1524 1353 sacre

336 1398 469 1568 peginel.
479 1397 691 1477 beocalerius,
716 1397 809 1462 dedit
832 1402 851 1462 3
885 1419 932 1479 gr.

444 1505 530 1570 Item
554 1503 645 1587 Meg.
664 1501 818 1570 Andreas
843 1503 883 1568 de
907 1501 1028 1569 Sancto
995 1503 1204 1587 tGeorgio,
1229 1505 1437 1588 decretorum
1452 1455 1524 1586 beo·
1614 1495 1615 1502 ἵ

338 1605 488 1692 celerius
512 1613 685 1677 canonicus
709 1611 841 1677 ecclesie
865 1609 893 1676 J
893 1633 1058 1692 auriensis
1084 1611 1144 1693 sub
1168 1612 1302 1696 proprie
1319 1613 1526 1697 procurabis,

337 1721 428 1785 dedit
453 1725 472 1784 3
501 1741 548 1802 gr.

446 1828 655 1896 Venerabilis
689 1829 737 1893 vir
768 1829 858 1911 Mag.
891 1827 1033 1892 Thomas
1066 1828 1106 1894 de
1139 1827 1285 1910 Izdencz,
1319 1827 1522 1894 decretorum

338 1939 552 2018 baccalerius,
577 1937 668 2002 dedit
692 1941 711 2000 3
737 1959 784 2020 gr

187 2077 253 2122 isos
273 2073 301 2122 11
448 2057 517 2129 sub
542 2065 736 2148 procuracie
758 2062 848 2146 Meg.
873 2061 945 2128 Ant
947 2063 1036 2130 honii
1058 2063 1191 2146 Pogner
1215 2064 1255 2129 de
1279 2061 1412 2129 Oorone
1442 2063 1524 2129 idenr

338 2174 414 2238 intit
416 2173 486 2238 rratl
452 2179 525 2236 etus
549 2179 642 2237 estu
621 2173 882 2238 utbeooelerius
906 2172 1132 2254 theologiest,
1109 2171 1249 2238 tdedit
1268 2177 1367 2256 gr..3

187 2308 302 2357 148411
447 2292 517 2364 Sub
542 2301 737 2382 procureoiu
761 2301 895 2384 proprie
918 2301 967 2365 int
953 2301 1066 2366 titulat
1052 2306 1104 2364 tus
1128 2299 1192 2366 fuit
1207 2299 1305 2366 Dom.
1324 2299 1527 2366 Leurencius

338 2431 378 2472 ex
410 2407 540 2488 Brenn,
573 2407 750 2491 Pregensis
783 2408 927 2489 diocesis,
960 2409 1162 2499 decretorum
1191 2409 1406 2489 beccelerius,
1439 2407 1528 2474 dedit

341 2522 356 2579 1
384 2539 440 2600 gr,
464 2538 549 2582 enno
573 2513 707 2582 Domini
734 2519 884 2596 1485,t
851 2521 884 2580 et
916 2515 1027 2580 eodem
1060 2537 1146 2582 enno
1178 2517 1414 2583 invictissimus
1441 2518 1527 2600 prin-

188 2619 304 2737 ,iffi
339 2645 415 2709 ceps
438 2625 594 2706 Methies,
619 2624 768 2708 Ungene
792 2609 1013 2708 Bohemieque
1037 2646 1105 2700 rex,
1128 2625 1243 2708 quinto
1276 2623 1435 2691 kalendas
1466 2624 1528 2691 Fe·

182 2685 213 2749 ja
338 2733 466 2798 bruerii
489 2731 579 2798 illem
604 2733 853 2796 famosissimam
878 2731 1005 2797 obsedit
1038 2733 1203 2797 civitatem
1238 2733 1471 2798 Wiennensem
1495 2741 1528 2798 et

200 2835 290 2952 14852
338 2842 373 2904 in
397 2841 533 2906 eandem
557 2845 677 2923 quarto
700 2861 801 2904 nonas
835 2837 928 2904 Junii
961 2841 1151 2906 victoriosus
1184 2842 1352 2923 ingressus
1377 2847 1438 2918 est,
1470 2861 1527 2905 nec

194 2917 246 2966 ‚mn
338 2949 423 3014 hene
446 2948 570 3012 brevi'
561 2971 596 3012 ιιι
619 2953 765 3030 tempore
789 2945 856 3011 obt
832 2948 994 3022 tinuissot,
1018 2948 1080 3012 nisi
1103 2949 1195 3031 prius
1228 2949 1367 3014 eandem
1401 2947 1505 3012 sibi
1497 2969 1526 3010 ιιι

339 3054 503 3120 elimentis
526 3055 728 3138 provisuram
753 3053 892 3136 amplius
916 3075 1013 3138 quem
1036 3055 1143 3120 tribus
1177 3058 1273 3122 annis
1306 3056 1471 3122 continuis
1497 3055 1527 3118 in

339 3163 434 3244 equis
457 3161 619 3242 terrisque
638 3159 872 3242 prohibuisset.

187 3303 253 3348 rsee
274 3300 303 3348 11
450 3279 521 3351 Sub
545 3286 736 3368 procuracia
759 3287 891 3370 proprie
914 3286 1102 3352 intitulatus
1125 3287 1328 3354 honorabilis
1361 3289 1412 3354 vir
1436 3287 1528 3353 Dein.

342 3394 496 3458 Metheus
522 3415 560 3457 ex
578 3393 729 3476 Rivppas,
750 3393 834 3474 juris
849 3393 1006 3478 pontificii
1029 3394 1243 3476 beccelenus,
1269 3393 1429 3462 Albensis
1453 3397 1528 3480 dyo-

341 3503 423 3568 cesis
449 3501 583 3565 ecclesie
606 3499 761 3566 Albensis
786 3499 1018 3580 Transilvenia
1037 3494 1196 3586 plebanus
1220 3502 1260 3568 de
1285 3504 1528 3581 Puloromonte,

337 3599 574 3693 jurisdictionis
598 3628 673 3671 vero
697 3603 940 3690 Strigoniensis,
964 3629 1049 3672 enno
1073 3607 1206 3676 Domini
1234 3611 1410 3678 millesimo
1444 3617 1528 3677 ιοιιοο

340 3717 462 3796 lxxxix,
486 3721 519 3780 et
543 3716 635 3780 dedit
657 3718 679 3779 4
703 3735 746 3779 cr.
1268 3707 1270 3711 ’

190 3875 291 3925 15071
450 3853 546 3922 Anno
571 3855 752 3922 Salvatoris
776 3856 880 3920 nostri
906 3859 1001 3937 1507,
1026 3857 1103 3922 dum
1128 3858 1218 3943 Meg.
1243 3859 1379 3927 Girillus
1408 3862 1530 3927 Pinthe

341 3965 517 4050 reipublice
556 3968 774 4049 procurasset,
751 3961 911 4026 t.Dom
944 3961 1148 4029 Leurencius
1188 3965 1378 4049 Kepliczer,
1420 3969 1528 4034 decre-

342 4081 451 4137 torum
474 4072 689 4152 bacoelerius,
712 4070 788 4134 huic
815 4075 884 4134 met
870 4069 1026 4135 trioule
1017 4081 1248 4155 incorporatus
1281 4081 1341 4156 est,
1375 4084 1409 4142 et
1395 4076 1530 4142 tdedit

344 4188 385 4246 10
410 4181 482 4246 den.

188 4341 303 4392 150711
450 4319 547 4388 Anno
574 4327 669 4402 1508,
693 4321 754 4384 snb
778 4319 885 4384 officio
918 4326 1143 4405 procuratorio
1175 4323 1266 4409 Mag.
1301 4327 1528 4414 Christophori

341 4431 467 4503 Abiczl,
490 4429 678 4495 intitulatus
703 4433 752 4492 est
775 4428 808 4491 in
832 4429 997 4492 nationem
1013 4427 1205 4512 Hungarie:

340 4573 343 4578 ·
451 4537 571 4600 Frater
594 4533 741 4599 Joannes
765 4531 988 4598 Lomniccnsis
1012 4535 1135 4600 ordinis
1154 4535 1528 4609 Hierosolimitenorum.

344 4643 437 4709 dedit
462 4647 481 4706 8
506 4666 549 4708 or.
