3324 5326
1289 424 1352 484 327

163 609 343 678 Societatis
366 611 393 679 J
394 635 449 680 esu
485 612 635 698 theologo
660 620 693 680 et
716 615 750 680 in
774 614 1035 699 archigymnasio
1069 617 1254 687 Viennensi
1280 641 1354 704 pro-

164 721 290 790 fessore
314 724 453 808 publico,
477 725 587 808 accepi
612 728 654 789 36
680 745 723 788 or.

275 830 419 898 Nomina
441 833 581 917 inclytae
604 833 728 898 nationi
753 833 931 899 dederunt:

282 1004 298 1064 1
333 997 416 1064 Maii
473 942 733 1029 Christophorus
749 941 897 1012 Schaffer

302 1049 309 1064 '
471 1052 674 1120 Laurentius
698 1051 881 1120 Strobelius

161 1157 328 1226 dederunt
353 1166 371 1226 6
395 1161 444 1228 kr.

276 1273 327 1334 27.
343 1269 443 1335 Maii:
459 1272 584 1336 Paulus
601 1271 714 1355 Heilig
731 1269 957 1337 Olomucensis
974 1269 1139 1348 Moravus,
1156 1266 1248 1332 dedit
1264 1267 1286 1328 4
1301 1265 1351 1330 kr.
1370 1263 1436 1327 maj.
1458 1269 1500 1316 2⁷·

275 1377 745 1449 31.MaiiMichaelHoffman
754 1372 1350 1462 GrotgoviensisSilesiuS,dedit3lrr.
1370 1369 1436 1432 maj.
1457 1376 1500 1422 31·

271 1514 369 1586 Anno
396 1525 490 1603 1597,
515 1523 575 1588 sub
600 1522 722 1588 festum
746 1523 810 1588 divi
835 1519 1039 1600 Ool'omanni,
1073 1518 1196 1586 electus
1221 1540 1293 1582 sum
1317 1519 1351 1582 in
1370 1517 1493 1639 &1131

159 1635 415 1712 procuratorem
439 1631 583 1696 nationis
607 1630 824 1713 Hungaricae
848 1651 907 1714 ego
930 1629 957 1694 J
966 1649 1132 1694 oannes
1156 1625 1349 1706 Bittner,
1422 1625 1427 1638 '
1484 1626 1491 1640 ‘

158 1737 389 1822 philosophiae
406 1744 440 1804 et
455 1739 635 1806 medicinae
652 1739 779 1821 doctor,
792 1761 851 1824 pro
868 1744 1027 1822 sequente
1044 1737 1200 1816 semestri,
1218 1757 1283 1819 qua
1300 1735 1352 1804 die

158 1851 237 1930 post
252 1847 373 1912 multas
393 1847 479 1912 ultro
499 1848 645 1932 citroque
662 1847 916 1932 disceptationes
927 1847 1059 1912 tandem
1070 1843 1251 1929 potioribus
1267 1843 1352 1908 votis

159 1955 198 2018 in
223 1955 401 2023 Rectorem
419 1955 539 2020 electus
556 1955 619 2021 luit
635 1955 832 2022 reverendus
849 1962 949 2040 atque
966 1955 1167 2021 clarissimus
1191 1954 1241 2017 vir
1255 1951 1351 2017 Dom.

157 2061 341 2128 Balthasar
358 2061 525 2128 Scultetus
542 2061 684 2145 Silesius,
710 2067 937 2130 sacrosanctae
954 2063 1138 2146 theologiae
1155 2061 1277 2142 doctor,
1299 2082 1351 2126 ca-

158 2171 298 2236 nonicus
321 2169 519 2238 Viennensis
543 2175 576 2235 et
600 2171 745 2237 eiusdem
775 2171 968 2256 episcopalis
992 2171 1177 2236 consistorii
1201 2167 1351 2235 officialis

160 2279 400 2362 dignisssimus.
810 2367 813 2374 .

270 2385 409 2452 Praeter
441 2387 562 2452 librum
594 2409 670 2454 uero
702 2389 752 2453 vel
786 2388 993 2454 matriculam
1025 2387 1112 2452 hanc
1144 2391 1287 2450 veterem
1316 2390 1499 2449 etfol.143²

156 2499 206 2560 49
231 2519 275 2561 cr.
299 2519 318 2562 a
341 2517 546 2579 praecessore
578 2518 649 2562 meo
681 2497 729 2563 nil
751 2497 842 2562 aliud
874 2498 991 2580 recepi,
1014 2515 1100 2579 quae
1133 2496 1232 2558 etiam
1264 2492 1350 2556 bona

155 2603 226 2669 fide
249 2627 314 2670 una
338 2627 411 2670 cum
437 2608 479 2670 14
501 2605 685 2671 rationibus
718 2611 958 2672 antecessorum
990 2623 1137 2670 meorum
1171 2601 1348 2668 successori

156 2735 243 2792 mec,
266 2713 368 2779 nobili
390 2719 489 2796 atque
524 2712 703 2778 clarissimo
726 2716 797 2779 viro
820 2712 914 2780 Dom.
947 2711 1097 2779 Arnoldo
1131 2707 1347 2790 Altenhoffcr,

152 2821 244 2903 juris
267 2823 441 2905 utriusque
465 2821 590 2887 doctori
615 2828 683 2900 etc,
700 2845 721 2888 a
737 2823 910 2888 Rhenense
925 2821 1058 2888 natione
1074 2819 1220 2903 legitime
1237 2823 1347 2902 postu-

154 2928 238 3005 late,
271 2927 403 2995 tradidi.
435 2927 557 2995 Nullus
589 2930 676 2996 euim
699 2951 757 3013 per
781 2931 843 2995 hoo
867 2935 1022 2994 semestre
1045 2928 1118 3005 fuit,
1143 2927 1199 3011 qui
1231 2945 1349 2990 nornen

155 3057 255 3102 suum
278 3036 404 3100 nationi
420 3035 556 3101 dederit.
580 3035 767 3118 Caeterum,
784 3059 868 3121 quae
891 3039 1017 3102 interea
1034 3041 1127 3118 gesta
1144 3040 1229 3116 sunt,
1245 3054 1350 3117 pauca

155 3144 216 3208 sed
243 3145 373 3226 egregia
397 3144 556 3210 adnotare
579 3145 685 3212 libuit.
1180 3165 1183 3172 ’

270 3256 321 3317 12.
344 3252 463 3318 Martii
485 3253 581 3318 huius
604 3255 682 3318 anui
707 3259 758 3319 98.
783 3256 870 3322 circa
894 3255 1066 3337 septimam
1089 3251 1347 3336 pomeridianam

154 3367 236 3446 post
268 3361 488 3426 vehementem
521 3363 610 3426 venti
643 3361 757 3428 flatum
791 3371 824 3428 et
856 3363 930 3427 inde
963 3367 1136 3445 sequutum
1159 3359 1348 3424 horribilem

154 3470 287 3535 tonitru
311 3467 485 3551 fragorem,
509 3470 634 3551 grando
659 3471 776 3535 cecidit
798 3491 864 3535 non
889 3468 1021 3553 quidem
1046 3473 1159 3534 exacte
1183 3467 1240 3532 sed
1263 3469 1348 3532 inter

153 3578 265 3642 nivem
289 3581 322 3640 et
345 3597 456 3641 uerum
481 3575 672 3660 grandinem
704 3577 839 3658 medius,
863 3575 1022 3660 grandine
1046 3575 1178 3660 quidem
1211 3575 1348 3640 solutior
1406 3607 1408 3612 ·

154 3691 212 3750 ast
235 3685 309 3748 nive
333 3684 543 3766 compacticr,
567 3684 790 3767 spectaculum
814 3690 911 3766 certe,
927 3685 954 3750 si
979 3684 1216 3766 experientiam
1228 3679 1253 3767 ¹)
1277 3705 1347 3766 spe-

154 3801 237 3874 ctes,
260 3791 322 3856 hoc
345 3797 491 3876 tempore
515 3812 627 3856 rarum
652 3797 685 3857 et
708 3791 865 3872 insoleus3
890 3792 1098 3858 caeterumsi
1122 3791 1348 3856 antecedentia

154 3907 297 3984 spectes,
322 3901 438 3983 utique
456 3901 655 3964 conueniens.
688 3901 821 3966 Etenim
847 3901 973 3967 duobus
997 3906 1074 3964 ante
1091 3898 1206 3964 diebus
1230 3897 1347 3964 Africa

153 4009 317 4094 perflatus
348 4014 417 4089 adr,
450 4015 582 4074 coactae
615 4008 727 4091 nubes,
761 4009 818 4074 sed
851 4009 1003 4088 rariores,
1036 4008 1168 4091 squalor
1201 4009 1347 4088 eximius,

152 4119 241 4183 adeo
265 4122 302 4181 ut
325 4117 466 4181 lutosam
489 4121 613 4181 terram
638 4123 670 4182 et
693 4119 773 4182 satis
797 4139 961 4203 superque
984 4116 1151 4180 humidam
1174 4116 1347 4181 arefecerit

152 4226 297 4310 penitus,
315 4230 425 4288 aestus
441 4231 574 4308 praeter
590 4226 751 4290 rationem
762 4231 794 4290 et
806 4227 862 4308 qui
878 4225 1037 4290 interiora
1052 4223 1219 4288 homiuum
1234 4232 1346 4289 ureret

152 4335 282 4416 ingens,
306 4331 363 4397 illa
385 4353 462 4396 vero
486 4331 540 4397 die
563 4338 621 4398 aar
644 4334 724 4398 satis
748 4333 866 4415 clarus,
900 4332 987 4398 nube
1012 4338 1122 4396 tamen
1146 4351 1232 4411 rara,
1256 4331 1346 4396 velut

154 4441 225 4508 tela
246 4460 325 4505 rara
341 4438 487 4522 undique
510 4439 681 4523 obductus,
705 4441 831 4526 vesperi
847 4447 921 4527 post
937 4461 1086 4506 occasum
1110 4439 1186 4504 solis
1210 4438 1345 4522 refrige-

1331 999 1338 1012 .
1402 965 1478 1024 1597,

954 995 1185 1064 Olomucenses
1209 999 1350 1080 Moram,
1373 1029 1440 1094 maj.
1463 1039 1485 1084 1,

1396 3233 1472 3292 isse,

1357 3299 1456 3350 marca.
1470 3304 1510 3350 12.

269 4674 288 4737 ¹)
307 4671 438 4727 Kezirat:
460 4657 642 4743 ›Euperdrta
