3324 5326
1278 419 1339 483 297

156 624 241 687 tatis
265 622 430 706 magister,
454 621 577 704 6166166
602 620 648 688 161
671 623 704 686 16
728 627 978 706 procuratorem
1000 621 1144 688 nationis
1167 619 1343 704 Ungarice.

156 730 285 817 Accepi
308 754 329 796 a
352 731 447 799 Dom.
469 731 644 798 Beniamin
676 731 797 797 librum
823 733 966 798 nationis
991 737 1024 797 et
1048 733 1128 798 nihil
1161 737 1343 815 praeterea.

269 842 398 908 Nomen
414 866 508 910 suum
524 843 616 909 dedit
632 842 737 908 frater
753 865 852 924 meus,
868 843 959 926 Mag.
970 843 1080 908 Moses
1091 841 1243 908 Neuman
1259 839 1343 907 Gor·

157 949 298 1034 licensis,
314 951 384 1016 ludi
401 951 590 1028 moderator
606 953 640 1017 in
657 949 775 1036 oppido
791 949 936 1032 CrembS,
952 971 1049 1034 quem
1066 950 1170 1034 gratis
1187 949 1344 1035 inscripsi.

684 1113 763 1176 (6666
784 1113 831 1176 11.)
1004 1175 1007 1182 ¹

270 1219 366 1288 Anno
391 1225 486 1302 1565,
510 1223 545 1288 in
567 1222 652 1287 festo
675 1221 833 1302 Colmani,
857 1243 916 1304 ego
940 1219 1185 1287 Ladislaus
1210 1219 1316 1286 stuf
1325 1220 1344 1302 f,
1373 1204 1487 1322 Οῇῗθῗέ

158 1333 385 1417 philosophiae
410 1335 443 1396 et
466 1329 645 1396 medicinae
670 1329 793 1410 doctor,
826 1329 875 1398 fui
898 1330 1019 1394 6166166
1044 1331 1077 1394 16
1100 1334 1344 1413 procuratorem

158 1443 306 1508 66116616
330 1441 506 1526 Ungaricc.

691 1530 825 1591 (66666.)
910 1527 913 1535 “

271 1637 366 1708 Anno
385 1641 516 1708 Domini
537 1645 632 1721 1566,
648 1641 804 1724 Tiburcii‚
821 1661 879 1724 ego
903 1639 1069 1708 Paulus
1093 1639 1310 1706 Fabricio
1322 1663 1345 1724 6,
1374 1688 1390 1738 ά

159 1750 344 1818 Caesareus
366 1751 629 1830 mathematicus,
646 1750 826 1816 medicinae
842 1749 965 1832 doctor,
981 1757 1175 1834 procurator
1190 1749 1346 1833 eligebar.

161 1857 249 1943 Quia
271 1881 349 1924 vero
372 1861 434 1926 hoo
457 1859 607 1924 semestri
630 1857 856 1924 memorabilia
878 1859 967 1923 haud
1000 1881 1106 1944 pauca
1129 1860 1346 1942 contigerunt,

158 1969 242 2034 16666
267 1991 307 2033 ex
331 1967 394 2032 11116
417 1967 570 2048 memorie
594 1967 798 2051 posteritatis
822 1987 899 2050 ergo
922 1967 1094 2049 assignare
1117 1968 1219 2032 visum
1244 1973 1302 2032 661.

271 2075 353 2142 Cum
378 2075 620 2141 crudelissimus
637 2073 820 2140 1166666666
844 2079 1004 2158 tyrannus
1028 2080 1228 2159 postremum
1252 2097 1346 2140 suum

162 2185 308 2250 furorem
333 2187 476 2248 extreme
500 2204 539 2248 ac
563 2181 703 2266 superbe
727 2181 883 2248 adversus
906 2179 1119 2248 Christianos
1138 2181 1346 2261 declarasset,

162 2292 308 2358 collectis
331 2291 519 2374 ingentibus
536 2291 636 2374 copiis
652 2289 859 2374 Hungariam
882 2289 1043 2375 bipartito
1060 2290 1204 2355 exercitu
1219 2290 1346 2368 invasit,

162 2401 305 2466 alterum
320 2379 413 2466 iuxta
429 2399 569 2480 Budam‚
592 2397 795 2482 Strigonium
812 2405 845 2464 61
862 2398 984 2464 Albam
1000 2399 1157 2482 Regalem
1177 2397 1346 2464 collocarit

162 2530 236 2573 cum
268 2508 385 2592 militie
410 2506 554 2587 ducibus,
579 2507 635 2590 qui
664 2505 909 2571 excursionibus
942 2512 1099 2591 caperent
1122 2507 1346 2589 vincirentque

162 2615 368 2683 Christianos
391 2638 566 2700 eorumque
590 2617 739 2700 regiones
762 2611 767 2694 Ι
787 2619 820 2680 61
843 2616 877 2680 16
901 2615 1077 2698 Hungaria
1096 2622 1129 2681 61
1145 2615 1284 2682 Austris
1308 2625 1494 2681 66161666ι

163 2725 336 2811 81661661
361 2747 520 2810 occupare
542 2747 608 2791 non
632 2729 773 2809 possent,
798 2713 914 2789 saltem
943 2731 1125 2792 attererent
1148 2731 1180 2790 61
1205 2727 1347 2810 depopu-

160 2837 329 2917 larentur3
353 2837 494 2902 alterum
517 2834 654 2920 ipsemet
676 2835 854 2917 imperator
869 2833 912 2898 ad
935 2834 1090 2918 oppidum
1115 2839 1148 2899 et
1170 2835 1347 2899 munitissi-

162 2966 250 3008 mam
273 2964 382 3009 aroem
407 2943 562 3026 Zigetum
586 2941 689 3023 duxit,
714 2941 754 3006 de
779 2942 869 3006 cuius
892 2963 1029 3006 numero
1053 2948 1085 3006 et
1112 2942 1233 3007 iustum
1257 2963 1347 3006 exer-

162 3053 264 3116 citum
281 3073 354 3116 cum
377 3049 482 3116 bassis
506 3055 539 3115 61
562 3049 717 3134 prefectis
740 3049 829 3114 misit
845 3047 887 3113 ad
906 3049 1159 3134 oppugnandam
1182 3049 1347 3115 ciuitatem

163 3167 196 3226 61
230 3181 339 3226 arcem
373 3157 514 3241 Gjulam,
549 3160 601 3223 661
633 3157 799 3242 prefectus
832 3158 943 3224 fuerat
975 3179 1120 3223 summus
1151 3157 1347 3222 Kerezinius

161 3267 272 3350 Lada,
306 3268 364 3351 qui
396 3272 471 3351 post
494 3265 693 3332 deditionem
725 3265 938 3332 nihilominus
970 3271 1083 3351 preter
1106 3265 1203 3330 fidem
1236 3249 1347 3330 datam

162 3381 281 3460 captus
305 3373 466 3441 abductus
491 3380 584 3440 6616
608 3373 734 3440 Τ66616.
758 3373 913 3457 Zigetum
937 3381 1048 3439 autem
1080 3395 1186 3457 usque
1218 3372 1260 3438 ad
1294 3392 1348 3436 ex-

161 3489 307 3548 tremum
331 3484 400 3548 rita
433 3504 471 3548 66
504 3484 661 3566 sanguine
690 3481 839 3548 defendit
871 3471 1047 3565 generosus
1080 3502 1118 3548 66
1151 3479 1348 3546 fortissimus

163 3613 272 3657 comes
310 3589 469 3657 Nicolaus
501 3592 644 3672 Zrinius‚
677 3611 697 3656 6
729 3589 870 3657 Caesare
908 3589 954 3656 ibi
993 3590 1179 3672 collocatus,
1211 3609 1348 3671 cumque

163 3719 293 3766 summa
316 3699 417 3764 animi
440 3697 646 3781 fortitudine,
667 3697 731 3764 fide
748 3720 786 3764 66
802 3699 996 3779 6666166116,
1012 3699 1158 3782 66666616
1181 3695 1348 3762 laboribus

163 3811 198 3873 et
231 3807 319 3871 omni
352 3810 471 3872 conatu
504 3826 638 3887 summo,
672 3809 787 3870 contra
824 3804 1048 3870 incredibilem
1086 3811 1282 3890 apparatum
1315 3807 1349 3868 et

167 3915 445 4000 expugnationem
469 3915 655 3980 continuam
679 3913 862 3980 Turcorum
895 3913 1111 3997 Imperatoris
1144 3907 1179 3994 (a
1202 3933 1266 3995 quo
1289 3933 1349 3976 nec

163 4045 262 4109 prece
286 4042 346 4088 666
369 4023 477 4106 666116
496 4061 533 4072 -
553 4027 719 4105 utrunque
735 4022 821 4087 enim
838 4041 914 4105 sepe
937 4021 1164 4106 proposuit-
1182 4019 1350 4104 possetad

164 4129 384 4196 defectionem
408 4135 442 4195 et
465 4129 664 4196 deditionem
689 4125 792 4212 trahi)
809 4129 1010 4196 defendisset
1033 4151 1136 4214 usque
1158 4128 1348 4196 6611611666

164 4235 380 4322 Septembris,
403 4239 472 4323 ipse
495 4239 531 4302 in
554 4237 680 4302 foribus
704 4237 790 4302 arcis
813 4239 1002 4320 posterioris
1022 4245 1136 4302 contra
1158 4237 1269 4302 hostes
1292 4259 1350 4320 pu·

165 4368 279 4431 gnane,
303 4345 437 4412 tandem
461 4367 534 4410 cum
558 4345 669 4410 multis
693 4345 834 4428 egregiis
858 4347 936 4410 viris
960 4346 1112 4412 occubuit
1135 4343 1266 4410 fortiter
1289 4365 1348 4426 pro

164 4456 279 4540 patria
303 4459 337 4520 61
359 4454 490 4519 nominc
523 4451 656 4520 Christi.
690 4452 811 4520 Tribus
844 4459 921 4518 ante
954 4459 1148 4538 occupatum
1182 4453 1349 4536 Zigettum

165 4562 283 4628 diebus
315 4562 383 4645 ipse
407 4560 592 4627 Turcarum
624 4561 813 4646 Imperator
838 4563 1000 4646 expiravit
1022 4563 1054 4626 in
1079 4563 1206 4626 nomine
1230 4567 1263 4626 et
1285 4560 1349 4626 fide

163 4693 205 4740 66
230 4670 441 4740 confessione·
456 4670 639 4740 Mahometi
663 4670 896 4756 descenditque
920 4670 962 4738 ad
986 4673 1088 4738 vitam
1111 4675 1288 4738 aeternam.

1394 1621 1470 1679 1566,

1391 1703 1432 1754 66.
1449 1693 1489 1739 14.
