3324 5326
350 443 413 506 322

204 625 330 748 ,102593’3
458 646 510 706 23.
533 637 729 706 Novembris
753 635 910 723 Sabatha,
930 641 981 707 24.
1005 661 1082 706 vero
1105 638 1225 707 mensis
1248 636 1393 706 eiusdem
1418 637 1535 719 Diwin,

223 770 251 820 es
269 775 312 821 oe.
349 748 546 816 munitiones
571 749 740 830 ancicae,
764 748 930 815 deditione
953 749 996 816 ad
1019 771 1078 814 nos
1100 750 1237 815 rediere.

234 847 312 904 ¹⁵⁹³2
458 863 510 924 27.
543 857 741 926 Novembris
774 863 921 924 castrum
953 857 1078 923 Fillech
1110 859 1366 926 munitissimum
1388 880 1409 922 a
1442 857 1535 923 Dom.

203 928 267 969 nov.
288 919 331 966 π
349 965 585 1050 Christophoro
611 963 651 1031 de
675 963 887 1035 Tietienbach
911 966 1078 1031 obsessum
1113 974 1412 1051 oppugnatamque,
1437 987 1536 1049 expu-

350 1074 459 1158 gnatis
491 1072 604 1139 infima
631 1073 811 1158 mediaque
834 1073 920 1140 arcis
949 1073 1110 1157 partibus,
1143 1073 1308 1140 deditione
1332 1076 1431 1140 certis
1465 1094 1536 1138 con-

349 1291 434 1356 versi
467 1311 561 1356 sexus
594 1290 770 1355 etaetatis
803 1289 891 1355 mille
926 1289 1067 1356 circiter.
1099 1285 1335 1372 Affirmarunt,
1369 1293 1427 1374 qui
1462 1289 1536 1354 inde

349 1397 473 1464 dimissi
505 1404 590 1480 sunt,
623 1398 733 1463 hostes
758 1417 797 1462 ex
821 1395 890 1463 sola
912 1397 975 1462 hac
998 1417 1082 1478 arce,
1115 1397 1254 1480 triginta
1286 1419 1401 1462 novem
1435 1397 1536 1476 annis,

350 1506 468 1590 quibus
484 1527 524 1572 ea
539 1507 637 1590 potiti
654 1511 741 1588 sunt,
757 1506 904 1588 captivos
920 1505 1080 1572 abductos
1096 1503 1198 1570 fuisse
1213 1506 1257 1570 ad
1275 1510 1394 1590 quater
1418 1507 1536 1572 centies

350 1615 437 1680 mille
460 1614 674 1681 Christianos,
825 1619 827 1627 '

196 1715 331 1836 adlit
460 1728 489 1788 9.
513 1721 630 1786 Martii
646 1721 725 1786 anni
744 1723 839 1786 1594.
856 1720 1093 1804 subsequentis,
1109 1722 1207 1788 simili
1223 1743 1326 1807 prope
1351 1721 1535 1788 conditione

289 1823 295 1835 ’
333 1819 521 1913 'Norigrad
544 1851 613 1910 arx,
637 1831 756 1915 priore,
773 1834 812 1894 ut
827 1835 948 1914 putant
969 1829 1074 1912 multi,
1096 1831 1270 1912 robustior,
1286 1837 1361 1915 post
1383 1830 1536 1914 oppidum

350 1938 542 2004 adiunctum
567 1937 608 2002 ab
632 1937 746 2003 incolis
769 1938 847 2022 ipsis
870 1938 1010 2003 flammis
1034 1944 1194 2020 exustum,
1218 1939 1354 2022 explosa
1377 1959 1398 2002 a
1420 1937 1536 2002 nostris
1641 2023 1642 2030 ἵ

351 2051 517 2112 tormenta
532 2046 682 2130 plurima,
699 2047 921 2130 iniectumque
937 2047 1079 2129 tandem,
1096 2047 1240 2113 adventu
1264 2046 1438 2130 praecipue
1456 2067 1536 2110 sere·
1641 2047 1642 2052 ’

348 2144 473 2220 nissimi
497 2153 681 2218 archiducis
704 2153 863 2220 Austriae
886 2154 1062 2236 Matthiae,
1085 2161 1210 2220 metum
1242 2155 1480 2238 gravissimum,
1507 2156 1536 2218 in

351 2263 551 2328 deditionem
574 2263 674 2326 venit.
707 2261 835 2326 Turoae
859 2261 1095 2345 quadringenti
1127 2261 1259 2344 dimissi,
1282 2261 1383 2328 iidem
1417 2263 1452 2326 in
1477 2261 1537 2326 dis-

350 2393 442 2437 cessu
475 2371 610 2452 excussi,
643 2393 728 2455 quae
752 2377 867 2436 contra
903 2377 1002 2455 pacta
1035 2393 1145 2438 secum
1178 2371 1431 2456 absportabant,
1464 2370 1537 2454 ipsis

351 2479 480 2560 ablata,
504 2483 673 2563 apostatae
697 2476 878 2544 Christiani
913 2481 1060 2563 quinque
1083 2479 1125 2543 ad
1149 2479 1317 2564 supplicia,
1343 2479 1476 2544 Turcae
1499 2477 1537 2542 ad

350 2587 481 2654 Ohristi
504 2586 602 2652 fidem
626 2607 822 2672 sacrumque
861 2586 1026 2670 baptisma
1048 2593 1191 2672 quatuor
1223 2587 1389 2654 reservati.
1414 2585 1538 2667 Castro,

353 2695 451 2762 sicuti
465 2702 498 2760 et
512 2695 626 2780 priori,
642 2696 682 2760 de
699 2701 889 2778 commeatu,
906 2696 1097 2778 munitione,
1114 2696 1299 2762 hominibus
1323 2701 1538 2781 prospectum.

353 2805 421 2870 Pro
445 2805 583 2888 singulis
606 2805 695 2868 hisce
727 2805 872 2869 victoriis
896 2810 965 2869 tum
988 2803 1138 2872 Viennae
1160 2809 1231 2870 tum
1255 2802 1335 2870 alibi
1366 2802 1537 2881 sacrificiis,

354 2911 572 2992 concionibus,
594 2911 853 2996 processionibus
870 2911 1053 2996 hymnoque
1071 2933 1164 2978 sacro
1180 2911 1537 2997 publicaeaosolennes

349 3019 421 3086 Deo
438 3026 532 3086 actae
548 3023 676 3105 gratiae
692 3026 794 3106 atque
809 3042 868 3104 pro
885 3022 1041 3107 ampliore
1058 3021 1179 3087 auxilio
1200 3022 1234 3086 in
1244 3022 1376 3106 templis
1393 3021 1538 3086 omnibns

350 3128 392 3194 ab
417 3131 505 3194 omni
527 3129 622 3214 plebe
654 3129 925 3212 quadragenariis
949 3129 1107 3194 horarum
1135 3131 1287 3214 precibus
1311 3129 1538 3214 supplicatum.

460 3233 651 3319 Occupatae
675 3243 753 3302 sunt
786 3237 900 3302 eodem
923 3237 992 3303 fere
1017 3243 1163 3322 tempore
1187 3259 1278 3302 arces
1310 3238 1537 3323 praesidiaque
1640 3245 1641 3270 ¹

350 3343 424 3426 alia,
440 3345 617 3428 multisque
628 3366 701 3410 cum
711 3344 804 3410 hoste
814 3343 1060 3411 excursionibus
1072 3367 1138 3410 non
1153 3345 1279 3429 absque
1294 3345 1399 3428 ipsius
1415 3347 1538 3410 iactura
1640 3331 1641 3370 l

350 3457 542 3536 pugnatum.
566 3451 780 3537 Conscriptus
796 3452 917 3537 ubique
933 3453 1035 3534 mileo,
1051 3475 1115 3537 pax
1130 3453 1219 3518 hosti
1235 3452 1376 3518 foederis
1402 3452 1536 3538 raptori

350 3560 440 3624 cuius
455 3559 576 3626 iniuria
587 3566 702 3626 contra
709 3561 764 3644 jus
775 3563 923 3644 gentium
932 3561 1100 3646 appetitus
1112 3558 1294 3627 Caesareus
1305 3566 1421 3625 orator
1434 3559 1536 3628 Albae

349 3665 500 3734 Graecae
516 3675 656 3734 mortem
672 3670 820 3754 oppetiit,
837 3671 1039 3752 renunciata,
1052 3669 1226 3753 omniaque
1243 3677 1411 3753 apparatu
1428 3668 1536 3735 bellico

351 3777 450 3862 plena
474 3777 575 3844 fuere.

222 3939 289 3986 raas
309 3937 323 3987 1
458 3917 554 3988 Anno
577 3922 709 3988 Domini
732 3920 964 4005 MDXOIIII,
980 3923 1015 3989 in
1032 3925 1215 3990 mutatione
1240 3921 1401 4002 aestivali,
1417 3921 1450 3985 in
1465 3941 1534 4004 pro-

351 4035 537 4094 curatorem
560 4031 703 4096 nationis
726 4031 942 4115 Hungaricae
967 4031 1091 4096 electus
1107 4031 1172 4096 fnit
1190 4030 1223 4095 D
1236 4052 1307 4096 om.
1328 4028 1533 4095 Andreas

351 4137 583 4220 Nigrinus,
603 4138 687 4222 juris
712 4140 887 4222 utriusque
908 4139 1032 4220 doctor,
1059 4139 1150 4205 cuius
1173 4143 1248 4204 acta
1265 4145 1298 4202 et
1314 4140 1459 4204 rationes
1481 4155 1534 4220 pro
1639 4213 1640 4216 Ἴ

350 4244 412 4309 hoc
444 4247 593 4310 semestri
626 4246 862 4328 desiderantur,
895 4269 955 4314 nec
987 4246 1073 4314 nllus
1097 4247 1158 4312 hoc
1191 4251 1338 4330 tempore
1362 4247 1396 4310 in
1431 4243 1533 4311 album

350 4355 493 4420 nationis
516 4354 695 4438 inscriptus
719 4355 893 4421 invenitur.
927 4355 1060 4422 Placuit
1083 4360 1194 4420 tamen
1218 4353 1384 4438 quaedam
1407 4354 1467 4419 hoc
1489 4374 1534 4416 se-

351 4465 465 4528 mestri
489 4468 583 4546 gesta
599 4485 619 4529 a
635 4469 850 4548 procuratore
874 4463 1017 4530 nationis
1042 4466 1170 4546 omissa,
1194 4485 1268 4530 cum
1292 4464 1450 4530 memoria
1472 4461 1533 4525 sint

351 4568 460 4652 digna,
485 4569 538 4635 bic
562 4577 732 4636 annotare.

237 4661 314 4722 ¹⁵⁹4¹
461 4683 489 4743 6.
513 4677 598 4743 Maii
621 4677 823 4762 Strigoninm
840 4679 874 4746 in
891 4679 1078 4764 Hungaria,
1094 4681 1182 4765 quod
1205 4679 1316 4746 anca
1339 4701 1426 4744 anno
1445 4681 1532 4744 1542.

216 4729 283 4794 maj.
304 4735 328 4781 a.
