3324 5326
156 653 248 738 Mag.
268 651 452 725 venerando
477 654 713 740 Christophero
730 655 851 736 Abitzl,
869 655 1078 740 presentibus
1102 659 1342 741 suprascriptis.

156 762 283 829 Actum
307 786 391 840 anno
416 769 448 828 et
471 765 523 829 elie
547 787 646 849 supra
670 765 821 830 exaratis.
1372 733 1483 862 &41³

266 875 429 960 Exposita
451 875 540 959 Mag.
575 875 678 940 Petro
711 870 882 961 Sandperg
906 881 1123 962 procuratore
1147 875 1229 942 alias
1254 875 1344 946 Sem·

154 985 290 1069 pronio:
315 983 400 1048 Item
424 983 602 1050 Fratribus
617 982 868 1050 Predicatorum
885 1007 944 1068 pro
975 981 1078 1048 offitio
1103 983 1352 1066 defunctorum,

154 1115 248 1158 more
273 1091 377 1170 solito,
411 1097 429 1157 3
465 1089 521 1157 sol.
554 1089 624 1157 den.
657 1091 745 1158 Item
778 1115 837 1178 pro
870 1091 973 1174 cereis
1005 1091 1066 1158 sub
1100 1094 1213 1159 eodem
1238 1093 1342 1158 offitio

155 1201 342 1268 cremandis
375 1204 397 1264 4
429 1201 501 1266 (len.
535 1199 623 1266 Item
659 1199 790 1267 famulis
823 1201 1050 1267 universitatis
1084 1207 1125 1266 28
1160 1202 1230 1266 den.
1255 1201 1342 1266 Item

154 1331 216 1394 pro
240 1313 383 1392 quatuor
406 1307 533 1374 schedis
561 1313 600 1372 16
625 1309 696 1375 den.
729 1310 814 1375 Item
839 1309 871 1374 in
895 1310 947 1376 die
981 1310 1086 1376 sancti
1109 1309 1257 1375 Ladislai
1280 1332 1340 1394 pro
1360 1291 1481 1424 jfflp

154 1419 262 1484 offitio
286 1415 463 1483 Fratribus
495 1415 744 1484 Predicatorum
768 1419 789 1484 4
815 1419 872 1484 sol.
898 1419 969 1484 den.
1003 1419 1090 1485 Item
1115 1417 1244 1484 famulis
1268 1417 1339 1484 uni-

154 1525 324 1592 versitatis
349 1531 392 1592 28
416 1525 488 1590 den.
798 1509 800 1516 ’
915 1540 918 1548 ·

264 1635 337 1717 Ego
362 1633 451 1717 Mag.
475 1633 597 1700 Petrus
614 1631 792 1720 Sandperg,
810 1635 934 1702 calculo
956 1637 1054 1718 facto,
1070 1635 1188 1719 reliqui
1212 1639 1246 1702 et
1269 1659 1342 1722 pre·

153 1743 281 1806 sentavi
305 1743 484 1808 successori
508 1763 580 1808 meo
604 1744 638 1808 in
654 1743 798 1810 officium
814 1747 1079 1830 procuratorium
1103 1747 1249 1812 nacionis
1273 1745 1341 1812 Un-

153 1851 258 1931 g'arie,
286 1849 570 1916 ‘excellentissimo
603 1853 671 1918 viro
705 1854 826 1918 artium
866 1858 899 1918 et
931 1853 1144 1936 saluberrimo
1183 1853 1340 1936 medicine

152 1957 294 2023 Doctori
311 1958 405 2023 Dom.
422 1958 579 2024 Michaeli
599 1960 639 2025 de
663 1961 883 2026 Premarthon
910 1965 949 2026 10
974 1961 1043 2025 flor.
1068 1960 1284 2044 Ungaricales
1307 1961 1341 2025 in

152 2087 238 2130 auro
262 2073 295 2131 et
322 2071 360 2132 13
394 2067 520 2132 talenta
553 2074 587 2132 et
620 2071 660 2134 31
695 2090 748 2150 cr,
781 2069 987 2154 presentibus
1020 2068 1240 2135 celeberrimis
1264 2070 1341 2134 viris

148 2175 253 2239 Dom.
269 2175 466 2242 Leonhardo
480 2176 692 2258 Dobrohost,
703 2178 829 2242 arcium
853 2181 887 2242 et
908 2178 993 2262 juris
1011 2179 1183 2260 utriusque
1200 2178 1341 2257 doctore,

152 2279 334 2349 Ambrosio
352 2283 490 2366 Salczer,
517 2305 608 2371 sacre
635 2286 798 2369 theologie
823 2285 1003 2368 licenciato,
1028 2307 1067 2350 ac
1082 2283 1210 2352 Jacobo
1228 2285 1341 2353 Vexil-

151 2389 260 2472 lifero‚
283 2391 464 2459 Melchiore
487 2392 717 2462 Oaschoriensi
740 2399 840 2477 atque
864 2392 994 2460 Joanne
1008 2393 1191 2474 Aurilabri,
1216 2395 1340 2460 arcium

150 2497 339 2565 liberalium
362 2501 538 2583 magistris.
563 2499 686 2568 Actum
710 2502 762 2567 die
787 2507 837 2566 28.
862 2499 1017 2568 Octobris
1043 2506 1137 2568 1524.
1361 2505 1470 2625 sirmii

670 2682 750 2742 (1524
770 2681 817 2742 11.)

263 2785 335 2873 Ego
370 2789 537 2856 Doctor
561 2791 758 2858 Michael
790 2792 1046 2858 Pannonius
1080 2791 1120 2858 de
1143 2791 1491 2860 premar-ronne

150 2898 263 2962 thon
286 2919 481 2982 recognosco
505 2921 564 2982 per
581 2899 643 2964 hoc
661 2921 795 2994 presens
812 2900 1073 2984 chyrographum
1090 2923 1141 2966 me
1158 2903 1338 2984 percepisse

149 3031 170 3073 a
195 3007 357 3090 magistro
382 3009 562 3074 clarissimo
587 3009 689 3074 Petro
707 3007 878 3093 Sandperg
894 3029 1054 3075 summam
1077 3016 1338 3093 supranotatam,

149 3114 362 3199 presentibus
388 3119 629 3201 suprascriptis,
645 3139 731 3183 anno
755 3125 789 3184 et
812 3119 867 3184 die
891 3125 928 3183 ut
952 3139 1060 3201 snpra,
1077 3123 1111 3182 et
1128 3139 1168 3181 ex
1191 3117 1338 3200 predicta

150 3245 282 3288 summa
306 3223 445 3308 expositi
470 3230 547 3290 sunt
571 3247 613 3290 cr.
639 3229 668 3290 9.

261 3331 334 3416 Ego
358 3331 483 3398 Doctor
508 3332 653 3399 Michael
677 3333 868 3398 Pannonius
893 3335 934 3400 de
957 3333 1191 3416 Premarthou‚
1214 3333 1338 3398 calculo

147 3442 268 3526 posito,
293 3443 480 3524 presentari
512 3462 583 3506 meo
616 3442 793 3506 successori
825 3442 858 3506 in
891 3440 1035 3506 officium
1067 3439 1338 3525 procuratorium,

150 3549 337 3614 clarissimo
361 3549 543 3632 viro-Mag.
568 3547 743 3615 Ambrosio
769 3547 908 3631 Salozer,
941 3565 1032 3614 sacre
1056 3548 1217 3632 theologie
1240 3548 1339 3612 lieen-

149 3659 251 3736 ciato‚
281 3661 320 3722 10
345 3659 414 3724 flor.
439 3658 682 3742 Hungericales
706 3658 738 3721 in
756 3681 846 3740 auro,
864 3662 903 3722 13
928 3658 997 3722 llor.
1022 3657 1190 3723 Renenses
1214 3677 1272 3720 seu
1289 3660 1338 3718 ta-

144 3765 244 3845 lenta
268 3766 304 3830 in
327 3771 460 3832 moneta
484 3772 518 3831 et
541 3765 598 3831 sol.
624 3767 652 3847 2,
678 3765 886 3850 presentibus
914 3766 1040 3830 eximiis
1064 3765 1142 3830 viris
1165 3761 1337 3846 Magistris

149 3873 285 3940 Jacobo
308 3871 512 3954 Vexillifero,
536 3873 717 3939 Melchiore
740 3872 956 3955 Oassoriensi‚
974 3871 1129 3938 Iohanne
1153 3871 1337 3937 Aurilabri.

147 3981 276 4048 Actum
304 3981 458 4065 vigesima
489 4002 576 4046 nona
608 3978 745 4064 Aprilis,
778 4002 863 4046 anno
895 3980 1029 4045 Domini
1052 3979 1221 4044 millesimo
1245 3979 1336 4062 quin·
1359 3969 1471 4104 4352512
1475 4043 1498 4089 9·

147 4091 333 4176 gentesimo
356 4091 510 4172 vigesimo
535 4089 659 4173 quinto.

672 4233 752 4294 (1525
772 4233 805 4293 Ι.)

142 4401 144 4406 ,
258 4335 332 4424 ligo
355 4338 625 4407 Ambrosius
642 4337 822 4406 Saltzer
840 4361 1036 4424 recognosco
1052 4363 1112 4425 per
1129 4341 1189 4406 boc
1206 4360 1337 4424 presens

145 4449 414 4535 chyrographum
437 4469 489 4514 me
512 4448 695 4532 percepisse
728 4471 749 4514 a
772 4449 951 4516 clarissimo
975 4449 1070 4514 Dom.
1094 4448 1239 4513 Doctore
1262 4468 1337 4530 pre·

1378 3103 1455 3161 1524,

1360 3168 1418 3222 okt.
1439 3175 1481 3221 28.

145 4559 238 4624 dicto
262 4577 380 4623 aureos
406 4561 447 4621 10
470 4563 503 4622 et
526 4555 698 4640 pecuniam
731 4557 958 4640 prescriptam,
992 4556 1198 4643 presentibus
1222 4575 1337 4646 snpra-

145 4665 246 4734 dictis
271 4663 462 4734 clarissimis
485 4663 573 4748 viris,
597 4685 682 4734 anno
707 4685 771 4752 quo
796 4685 904 4750 supra,
