3324 5326
1271 431 1335 494 319

148 625 334 710 theologiae
368 625 482 694 doctor
515 633 549 694 et
582 627 755 694 canonicus
788 625 993 708 Viennensis,
1025 628 1060 692 in
1092 632 1335 711 procuratorem

149 737 294 802 nationis
328 737 512 820 ngaricae
545 757 605 820 pro
639 735 849 820 subsequenti
881 736 1023 802 brumali
1057 737 1223 818 semestri;
1254 735 1336 801 nihil

148 846 281 927 penitus
303 851 536 930 praeterquam
559 845 645 910 hunc
667 844 787 910 librum
811 845 953 912 nationis
969 844 1012 909 ab
1036 849 1240 908 antecessore
1263 863 1335 908 meo

147 953 340 1020 immediato
372 953 467 1020 Dom.
490 953 630 1020 Andron
662 951 814 1038 Nigrino,
834 953 920 1037 juris
943 952 1114 1036 utriusque
1138 951 1279 1032 doctore,
1302 955 1335 1016 et

147 1060 282 1143 quidem
314 1062 383 1130 siue
415 1063 499 1128 actis
532 1062 687 1144 eiusdem,
720 1063 839 1145 accepi,
872 1062 1019 1146 quamvis
1051 1059 1099 1125 illi
1122 1060 1165 1126 ab
1188 1065 1334 1125 auteces-
1347 1069 1396 1126 fol.
1418 1080 1484 1126 reoe

147 1171 277 1237 sonibus
300 1173 367 1238 suis
392 1171 554 1257 quaedam
587 1170 746 1256 pecuniae
768 1169 915 1235 traditae
948 1168 1079 1249 fuerint,
1115 1169 1165 1234 uti
1189 1168 1334 1234 exactis

146 1276 233 1344 libro
257 1279 332 1345 huic
363 1279 524 1364 impositis
549 1282 582 1343 et
604 1279 746 1343 maxime
779 1299 819 1342 ex
842 1277 897 1342 illo
934 1277 1064 1362 scripto,
1089 1275 1177 1360 quod
1209 1276 1280 1342 loco
1303 1281 1336 1341 et

146 1387 276 1452 nomine
299 1385 440 1452 Martini
471 1387 598 1470 Isingii,
630 1386 812 1452 medicinae
844 1387 997 1468 doctoris,
1021 1387 1199 1450 immatura
1230 1389 1335 1450 morte

145 1494 180 1558 in
191 1493 300 1560 officio
311 1495 373 1560 hoc
384 1495 524 1578 abrepti,
539 1493 693 1560 Andreas
709 1493 864 1578 Isiugius,
874 1493 1018 1560 eiusdem
1028 1514 1157 1578 quoque
1167 1491 1335 1558 facultatis

145 1601 263 1667 doctor
286 1607 320 1667 et
342 1602 506 1686 professor
528 1602 686 1686 publicus,
711 1603 858 1682 confecit,
882 1607 996 1686 aperte
1020 1606 1157 1666 constat.

255 1709 383 1776 Eadem
399 1709 451 1778 die
470 1715 519 1776 13.
535 1707 688 1776 Octobris
712 1709 891 1776 solenniter
906 1715 941 1774 et
957 1709 1087 1793 publice
1110 1708 1331 1794 proclamatus
1351 1673 1475 1794 ciffis.

146 1822 199 1882 est
222 1839 282 1902 pro
306 1818 395 1885 dicto
418 1819 566 1883 semestri
590 1819 624 1882 in
647 1816 857 1900 magnificum
880 1817 976 1882 Dom.
1009 1817 1185 1883 Rectorem
1216 1815 1335 1882 nobilia

146 1933 181 1990 et
206 1926 405 1994 clarissimus
429 1927 479 1992 vir
503 1925 598 1990 Dom.
631 1925 827 1991 Benedictus
860 1925 995 2008 Bergan
1019 1925 1197 1990 medicinae
1220 1924 1335 1989 doctor

146 2039 182 2097 et
192 2035 391 2108 serenissimi
407 2034 591 2100 archiducis
606 2029 767 2098 Austriae
780 2038 841 2098 etc.
858 2033 1025 2098 Matthiae
1041 2033 1185 2098 medicus
1201 2031 1336 2098 aulicus.

256 2141 399 2208 Nomina
432 2142 652 2207 studiosorum
685 2140 747 2205 hoc
770 2141 922 2206 semestri
944 2142 977 2205 in
1001 2139 1207 2206 matriculam
1241 2139 1335 2204 huius

145 2250 292 2314 nationis
302 2249 407 2316 relata
424 2255 458 2314 et
474 2256 633 2334 quantum
650 2250 788 2332 quisque
805 2249 946 2330 solverit,
956 2248 1029 2313 ride
1045 2269 1146 2332 supra
1161 2244 1335 2330 f01.131,1).

144 2357 247 2421 Illam
280 2379 448 2440 summam,
479 2379 564 2442 quae
597 2357 677 2422 fecit
708 2361 748 2422 15
773 2379 827 2439 cr,
860 2378 933 2422 cunr
966 2356 1017 2422 his
1049 2357 1131 2422 actis
1164 2355 1335 2421 excellenti

145 2465 243 2530 Dom.
260 2465 432 2548 magnifico
458 2465 484 2532 J
484 2466 582 2530 oanni
599 2465 782 2546 walthere,
799 2465 1035 2530 mathematum
1051 2464 1237 2548 professori,
1261 2485 1333 2530 suc-

147 2575 270 2640 cessori
286 2594 367 2654 mec,
383 2573 524 2640 fideliter
549 2573 674 2640 tradidi
699 2595 784 2638 anno
806 2575 901 2654 1593,
926 2594 1035 2638 mense
1060 2571 1180 2656 Aprili,
1204 2571 1256 2636 die
1281 2575 1332 2636 23.
1353 2539 1464 2673 ,3⁹23

1368 2685 1433 2732 1593
1454 2645 1474 2731 1⁶

257 2695 353 2766 Anno
368 2705 443 2784 post
459 2699 626 2766 Christum
643 2705 756 2764 natum
771 2702 865 2781 1593,
875 2699 992 2763 mensis
1010 2693 1139 2781 Aprilis
1155 2695 1206 2760 die
1224 2702 1285 2776 22,
1300 2697 1333 2761 in
1353 2751 1412 2818 apr.
1433 2757 1475 2804 22.

146 2815 395 2892 procuratorem
410 2809 552 2874 nationis
563 2807 749 2891 Ungericae
766 2807 888 2872 electus
904 2827 963 2889 ego
981 2827 1052 2870 sum
1069 2805 1107 2870 M
1118 2827 1138 2870 a
1147 2827 1178 2888 g.
1203 2804 1228 2870 J
1238 2827 1257 2870 o
1268 2826 1333 2870 an·

145 2915 502 2984 nesWaltherus
526 2915 782 2982 Strelensis
806 2913 1012 2994 Silesius,
1028 2912 1191 2997 professor
1206 2913 1333 2978 mathc-

146 3027 290 3090 maticae
313 3025 507 3106 ordinarius,
530 3023 650 3088 librum
674 3044 774 3087 unum
798 3042 864 3086 uua
888 3043 960 3085 cum
980 3025 1019 3085 15
1044 3041 1089 3084 cr.
1111 3041 1131 3084 a
1156 3017 1334 3084 reverendo

144 3133 323 3199 admodum
334 3139 367 3198 et
377 3133 554 3198 clarissimo
570 3131 666 3197 Dom.
679 3129 823 3195 Doctore
839 3129 1036 3194 Baltbasare
1051 3125 1199 3192 Sculteto
1214 3129 1334 3212 accepi.

256 3242 320 3306 Illo
344 3241 396 3306 die
419 3243 451 3306 in
476 3241 650 3306 Rectorem
674 3239 795 3303 electus
819 3242 868 3300 est
891 3235 1114 3300 universitatis
1138 3235 1333 3302 Viennensis

146 3350 342 3436 magnificus
365 3355 398 3415 et
422 3349 710 3415 excellentissimus
733 3345 829 3410 Dom.
852 3343 943 3427 Mag.
967 3343 1139 3410 Hubertus
1163 3343 1332 3408 Luetanus

145 3459 380 3541 Noviomagus,
405 3458 464 3522 snb
489 3478 554 3540 quo
578 3455 778 3520 consistoriis
802 3475 842 3516 ex
865 3474 954 3518 more
977 3474 1105 3537 semper
1131 3453 1275 3518 interfui.

256 3567 394 3632 Festum
419 3565 485 3630 divi
508 3563 664 3643 Ladislai,
688 3561 775 3644 regis
806 3559 1012 3643 Hungariee,
1035 3565 1169 3625 nostrae
1192 3561 1335 3624 nationis

145 3677 290 3759 patroni,
314 3674 434 3739 iniuria
457 3679 640 3757 temporum
674 3671 950 3755 praetermissum,
975 3667 1114 3732 dominis
1138 3667 1178 3732 de
1201 3667 1335 3732 natione

145 3789 261 3849 nostra
283 3804 398 3848 rursus
431 3779 596 3846 celebrare
629 3780 732 3844 visum
757 3783 816 3842 est.
840 3777 961 3858 Itaque
993 3779 1169 3857 postquam
1202 3795 1335 3856 congre-

146 3894 313 3976 gationem
347 3879 560 3956 instituissem
586 3892 637 3953 23.
669 3885 774 3968 Junii,
798 3889 1051 3968 comparuerunt
1073 3887 1206 3966 praeter
1234 3903 1334 3946 unum
1350 3859 1473 3988 jtb÷⁹2gb

144 4005 248 4084 atque
281 3999 422 4064 alterum
455 4019 566 4062 omnes
599 4017 636 4061 ac
660 3994 804 4059 unanimi
836 3992 999 4057 sententia
1031 3990 1221 4054 memoriam
1254 3989 1334 4054 dicti

144 4108 277 4194 patroni
302 4105 459 4172 celebrari
484 4104 610 4185 debere,
633 4102 822 4168 conclusum
845 4106 902 4164 est.
937 4095 1024 4182 Quia
1052 4119 1129 4164 vero
1151 4095 1335 4180 sumptibus

145 4217 240 4282 natio
263 4219 378 4280 nostra
410 4213 660 4293 destituebatur,
684 4209 804 4277 obtulit
827 4230 896 4274 sese
929 4207 1124 4272 reverendus
1158 4203 1334 4272 admodum

144 4325 244 4390 Dom.
260 4321 386 4388 Doctor
402 4320 569 4388 Scultetus
585 4327 684 4403 atque
701 4318 788 4382 ultro
804 4337 837 4382 se
852 4319 967 4380 mutuo
985 4314 1154 4399 pecuniam
1180 4312 1334 4378 daturum

143 4433 284 4516 recepit,
308 4433 361 4498 cui
377 4453 411 4498 se
435 4451 548 4497 rursus
571 4429 695 4510 inclyta
718 4427 808 4490 natio
831 4425 939 4508 prima
962 4423 1129 4489 occasione
1154 4420 1335 4486 soluturam

144 4542 308 4626 promisit,
324 4546 393 4606 tum
411 4559 542 4624 quoque
558 4543 672 4604 tantae
686 4532 932 4600 benevolentiae
949 4537 1078 4614 gratam
1096 4547 1335 4609 memoremque
1402 4518 1407 4529 ’

261 4709 280 4766 ¹)
299 4704 330 4754 11·
352 4697 469 4752 fdntebb
489 4693 588 4750 305.1,
