3324 5326
697 683 779 751 (1511
798 684 833 748 1.)

270 789 341 880 Ego
364 793 537 864 Ductor
560 795 841 864 Franciscus
865 797 978 865 fateor·
1004 819 1056 864 me
1081 797 1243 884 accepisse
1269 820 1343 882 pre-

155 903 283 970 dictam
305 927 466 972 summam
491 909 525 972 in
558 909 728 992 presencia
752 907 844 992 Mag.
868 905 1012 974 Oswaldi
1037 906 1152 972 Samer
1176 911 1210 972 et
1232 927 1343 990 prece-

154 1011 269 1079 dentis
293 1016 526 1097 procuratoris.

266 1121 339 1204 Ego
355 1121 553 1188 Franciscus
571 1123 750 1204 Emensus,
761 1123 876 1190 doctor
891 1123 1083 1205 medicinae,
1100 1121 1226 1188 calculo
1242 1120 1340 1201 facto,
1360 1115 1408 1170 fol.
1424 1116 1490 1174 11θῦ

152 1228 274 1311 reliqui
311 1233 491 1298 successori
522 1251 593 1296 meo
626 1231 716 1314 Mag.
749 1229 900 1298 Oswaldo
934 1229 1050 1298 Samen
1082 1251 1182 1296 unum
1206 1249 1341 1295 aureum

153 1333 439 1421 Salisburgensem
463 1345 496 1404 et
519 1344 538 1404 3
564 1359 682 1404 aureos
698 1339 886 1422 Reynenses
910 1344 944 1404 et
967 1339 1024 1404 tal.
1051 1344 1090 1405 13
1114 1340 1148 1404 in
1171 1337 1258 1404 bone
1274 1357 1341 1401 mo-

152 1449 242 1525 neta,
268 1445 323 1510 sol
348 1449 378 1526 3,
402 1445 473 1512 den.
491 1451 543 1527 18,
558 1467 642 1530 quos
665 1467 885 1532 aprecessore
908 1468 982 1519 meo
1005 1447 1126 1531 accepi,
1148 1447 1285 1530 insuper
1301 1465 1341 1509 ex

150 1551 334 1617 intitulatis
357 1554 392 1618 in
414 1575 488 1618 mea
520 1555 711 1636 procuracia
743 1576 788 1620 cr.
821 1559 873 1620 52.
907 1553 1031 1620 Actum
1055 1553 1252 1620 Novembris
1277 1557 1339 1635 23„
1365 1537 1490 1657 „gg-⁴⁰53,

150 1661 366 1741 presentibus
382 1659 479 1726 Dom.
495 1659 672 1736 Ambrosio
690 1659 831 1744 Salcaer,
843 1661 1016 1728 licenciato
1034 1661 1226 1745 theologiae,
1250 1661 1340 1744 Mag.

154 1765 312 1834 Oswaldo
336 1767 452 1836 Samer
475 1777 509 1835 et
544 1769 635 1853 Mag.
660 1769 792 1836 Joanne
818 1769 1002 1838 Aurilabri.
1035 1772 1186 1856 Accepta
1208 1791 1268 1854 pro
1292 1771 1341 1834 in-

151 1876 298 1942 titulatis
322 1879 471 1962 exposita
493 1883 571 1944 sunt
593 1879 628 1943 in
661 1880 816 1962 exequias
849 1879 1030 1945 officiorum
1063 1901 1229 1946 sacrorum
1252 1879 1340 1961 regis

150 1982 304 2050 Ladislai
328 1990 362 2050 et
385 1971 616 2051 defunctorum
640 1985 785 2052 fidelium
809 1988 1007 2052 memoriam.
1020 1987 1047 2068 ¹)

669 2131 750 2191 (1540
770 2130 817 2191 11)

262 2235 334 2324 Ego
358 2241 466 2324 Mag.
490 2238 722 2311 Oswaldus
747 2238 936 2306 Sawmer
961 2261 1156 2323 recognosco
1180 2260 1338 2304 summam

152 2348 338 2431 predictam
364 2351 396 2413 in
420 2369 502 2414 auro
526 2355 559 2414 et
582 2355 720 2432 argento
744 2348 786 2414 ab
804 2348 937 2413 doctore
953 2350 1122 2414 nominato
1146 2349 1338 2433 percepisse.

152 2458 280 2520 Actum
304 2461 465 2539 utsupra
490 2456 531 2521 ab
555 2455 815 2538 precedentibus.
1181 2529 1185 2540 ¹

261 2563 333 2648 Ego
357 2563 447 2646 Mag.
481 2563 654 2630 Oswaldus
687 2561 831 2630 Savrmer
863 2564 983 2648 reliqui
1014 2569 1089 2648 post
1120 2562 1280 2628 calculum
1304 2564 1337 2627 in

149 2671 290 2735 natione
313 2670 491 2736 venerabili
516 2672 586 2736 viro
609 2671 700 2754 Mag.
716 2670 843 2736 Joanni
868 2670 1053 2736 Aurifabro
1077 2692 1177 2736 unum
1201 2691 1336 2735 aureum

148 2776 441 2861 Saltaburgensem
466 2783 542 2844 et3
576 2778 645 2844 flor.
677 2779 854 2858 Renenses,
879 2779 936 2844 tal.
965 2783 1013 2859 13,
1048 2778 1157 2858 3sol.,
1192 2783 1233 2842 18
1257 2775 1337 2858 den,

147 2884 361 2970 presentibus
387 2885 526 2968 egregiis
550 2887 628 2951 viris
662 2885 757 2950 Dom.
790 2885 938 2950 Doctore
971 2887 1150 2951 Francisco
1173 2885 1336 2968 EmerioO,

147 2991 247 3057 Dom.
270 2991 450 3058 Ambrosio
475 2991 615 3073 Saloaer,
637 2993 808 3058 licenciato
841 2993 1004 3075 theologip
1028 2998 1062 3058 et
1085 2993 1180 3058 Dom.
1203 2993 1336 3060 Joanne

145 3099 346 3166 Aurifabro.
370 3099 497 3166 Actum
522 3105 575 3166 24.
598 3100 694 3166 Junii
719 3121 804 3166 anno
827 3105 881 3165 41.
1359 3089 1478 3218 jffll
1530 3093 1533 3101 Ι

673 3245 751 3305 (1541
774 3244 806 3304 Il

142 3569 241 3653 gensi
266 3575 342 3635 et3
376 3570 583 3636 Renensibns
615 3571 734 3650 aureis,
767 3569 823 3634 tal.
849 3573 899 3652 13,
932 3575 951 3634 3
986 3570 1051 3652 sol,
1090 3576 1128 3636 18
1163 3565 1270 3654 [den.].
1295 3579 1333 3637 ut

142 3678 344 3762 premititur‚
369 3680 509 3762 percepi.
526 3677 577 3743 De
595 3678 657 3744 hac
673 3699 798 3742 summa
814 3679 999 3760 accepimus
1017 3683 1033 3742 1
1049 3672 1117 3742 'tal
1140 3700 1200 3761 pro
1225 3677 1330 3744 officio

143 3785 378 3852 defunctorum
402 3793 436 3852 et
459 3785 609 3851 Ladislai
633 3785 840 3870 perficiendo.
872 3785 960 3850 Item
993 3785 1099 3852 claves
1123 3785 1166 3850 ad
1188 3785 1332 3852 ladulam

142 3893 247 3960 habet
271 3893 362 3978 Mag.
386 3881 566 3974 Oswaldus‚
590 3892 769 3978 precedens
792 3899 998 3976 procurator.

256 4003 437 4085 Exposita:
461 4001 732 4068 Predioatoribus
756 4025 815 4086 pro
839 4001 946 4068 officio
978 4001 1206 4068 defunctorum
1232 4009 1250 4069 3
1275 4005 1332 4071 sol.

141 4110 219 4174 den.
243 4109 331 4174 Item
355 4131 414 4194 pro
437 4113 459 4174 4
482 4111 746 4176 intimacionibus
780 4115 801 4175 4
835 4134 879 4176 or.
912 4111 999 4176 Item
1032 4110 1169 4177 bedellis
1193 4117 1236 4177 28
1261 4113 1331 4178 den.

141 4217 236 4282 Item
260 4238 319 4300 pro
344 4215 488 4281 candelis
511 4221 533 4280 4
558 4215 670 4300 deust)
695 4217 782 4282 Item
806 4215 1078 4282 Predicatoribus
1102 4240 1161 4302 pro
1187 4222 1329 4304 vesperis

140 4331 177 4389 er
201 4321 311 4390 officio
335 4323 401 4390 uvi
425 4323 573 4390 Ladislai
597 4329 619 4390 4
643 4326 700 4390 sn.
1350 4296 1474 4428 julli.

256 4597 276 4658 ¹)
295 4597 334 4648 Az
353 4594 445 4650 utolso
464 4595 581 4650 mondat
600 4613 616 4649 a
635 4596 773 4666 lapszelen
791 4595 935 4650 betoldva.

254 4689 276 4750 ¹)
295 4691 332 4739 aa
352 4703 368 4738 a
387 4686 535 4758 bejegyzes
554 4703 618 4741 nem
638 4688 809 4741 tdrdltetett.
