3324 5326
859 651 941 712 (1515
960 651 1009 712 Π.)

445 752 518 840 Ego
541 757 642 842 Meg.
666 758 942 844 Vuolt'gangus
966 761 1205 846 Heiligmeir
1228 765 1360 848 percepi
1377 785 1520 830 11111111-

338 862 436 928 rabili
460 865 529 930 viro
549 865 639 950 Mag.
658 865 760 933 Petro
776 865 968 952 Sempronio
985 892 1025 935 cx
1041 869 1288 938 Wilmanstorff
1302 873 1412 938 omnia
1427 878 1520 956 prout

338 989 358 1034 a
381 967 468 1035 dicto
491 973 558 1038 iam
581 971 674 1057 Meg.
697 973 799 1040 Petro
824 975 974 1058 superius
990 983 1107 1043 notata
1131 984 1216 1059 sunt,
1240 979 1449 1063 presentibus
1464 980 1520 1045 ibi-

338 1075 411 1144 dem
435 1084 468 1144 11
491 1099 577 1146 anno
603 1087 767 1169 utsupra.

449 1183 522 1271 Ego
561 1189 661 1274 Mag.
700 1191 877 1258 Jacobus
915 1193 1229 1276 Transsilvanus,
1260 1196 1521 1280 viceprocurator

339 1291 431 1378 Mag.
457 1295 661 1380 Wolffgangi
685 1297 905 1384 Hailigmayr,
932 1302 1117 1386 presentari
1143 1301 1322 1368 clarissimo
1339 1325 1378 1368 ac
1395 1305 1521 1388 egregio

339 1402 408 1472 viro
442 1400 538 1470 Dom.
562 1403 701 1471 Doctori
725 1406 752 1472 J
752 1408 874 1473 ohanni
893 1407 1010 1493 Anger
1027 1414 1047 1474 8
1071 1409 1142 1476 flor.
1158 1409 1376 1493 Ungaricales
1393 1413 1427 1477 in
1443 1434 1520 1478 auro

340 1515 374 1573 et
400 1514 420 1574 8
445 1513 502 1578 tal.
525 1515 560 1579 in
582 1520 715 1580 moneta
731 1520 764 1580 et
783 1521 822 1581 13
840 1539 893 1599 cr,
910 1517 1116 1600 presentibus
1139 1517 1259 1584 ibidem
1283 1520 1521 1586 venerabilibus

339 1619 506 1701 magistris
522 1621 613 1707 Mag.
636 1623 817 1689 Melchiore
835 1623 1074 1707 (lescheriensi,
1092 1625 1183 1709 Mag.
1200 1626 1304 1693 Petro
1324 1625 1521 1714 Sempronio.

340 1722 465 1792 Actum
489 1746 573 1794 anno
597 1730 732 1797 Domini
745 1732 769 1811 ¹)
793 1733 964 1799 millesimo
987 1735 1246 1818 quingentesimo
1272 1736 1397 1802 decime
1425 1742 1521 1803 sexto.

190 1161 236 1216 iol.
259 1169 328 1216 114·

870 1897 950 1960 (1516
970 1897 1003 1958 1.)

448 2003 521 2090 Ego
545 2005 743 2073 Johennes
775 2006 1006 2091 Angrer·ex
1037 2008 1276 2090 Rosenberlr,
1300 2008 1382 2074 iuris
1406 2011 1521 2074 utrius-

340 2135 403 2198 que
428 2113 553 2197 doctor,
575 2122 771 2199 procurator
793 2117 940 2182 nacionis
963 2115 1148 2201 Hungarie,
1164 2123 1357 2201 presentata
1372 2119 1453 2183 mihi
1467 2139 1521 2202 per

340 2223 559 2308 venerabilem
589 2224 678 2307 Mag.
710 2224 736 2290 J
738 2225 875 2290 aeobum
910 2223 1180 2290 Transsilvanum
1211 2228 1350 2314 percepi,
1375 2232 1521 2310 computo

342 2331 440 2413 facto,
472 2333 569 2398 solita
590 2335 782 2418 presentari,
814 2334 987 2417 pecuniam
1010 2338 1048 2398 ut
1072 2355 1172 2417 supra
1196 2355 1268 2400 curn
1298 2335 1391 2402 libris
1414 2335 1521 2415 solitis,

296 2448 319 2535 b.
341 2460 427 2505 anno
443 2446 477 2504 ct
493 2439 594 2506 dicut
610 2463 720 2527 supra,
730 2441 783 2507 die
806 2443 912 2508 sancti
936 2441 961 2506 J
963 2441 1100 2506 ohannis
1125 2447 1202 2506 ante
1225 2449 1365 2527 portam.

449 2549 613 2632 Exposita
622 2570 680 2632 per
696 2555 942 2633 procuratorem
958 2571 1017 2634 pro
1034 2549 1170 2632 singulis
1185 2551 1332 2616 nacionis
1347 2550 1521 2615 utilitatem

226 2415 294 2462 1516

210 2484 276 2544 mei.

341 2657 629 2723 concernentibus:
655 2657 722 2722 Pro
746 2657 891 2742 exequiis
907 2663 942 2722 et
964 2655 1074 2722 officio
1099 2657 1327 2725 defunctorum
1350 2659 1522 2724 Fratribus

341 2762 610 2830 Predieataribus
641 2769 663 2828 4
697 2765 755 2830 sol.
788 2765 860 2830 den.
891 2765 978 2830 Item
1011 2761 1145 2832 bedellis
1178 2770 1220 2830 28
1252 2767 1325 2832 den.
1358 2766 1444 2834 Item
1468 2787 1522 2850 pro

341 2869 606 2937 intimacienibus
630 2877 671 2936 16
689 2872 762 2938 den.
786 2873 873 2938 Item
896 2895 957 2955 pro
973 2874 1187 2956 reperacione
1210 2896 1282 2940 sere
1307 2881 1342 2940 et
1364 2897 1424 2959 pro
1448 2875 1522 2940 dua·

245 3047 255 3070 f
341 2975 402 3042 bus
426 2979 570 3045 clavibus
594 2985 638 3045 28
663 2979 735 3044 den.
759 2979 845 3045 item
869 3001 928 3063 pro
960 2979 1068 3046 divino
1100 2980 1209 3047 officio
1241 2983 1276 3047 in
1308 2981 1391 3048 festo
1424 2983 1522 3049 saneti

196 3047 321 3176 jffi'q,
342 3085 502 3150 Ladislaii
533 3083 646 3154 4'sel.
679 3088 751 3152 den.
784 3087 870 3153 Item
903 3086 1032 3153 bidellis
1066 3090 1108 3153 36
1141 3088 1212 3155 den.
1245 3089 1332 3156 Item
1357 3111 1416 3173 pro
1440 3111 1521 3156 escu-

342 3193 440 3258 lentis
457 3187 517 3278 [et]
534 3201 613 3280 potu
629 3195 686 3260 die
699 3195 778 3261 facti
795 3197 940 3280 computi
958 3200 999 3259 28
1017 3188 1127 3280 [denl.
1151 3199 1237 3264 Item
1261 3197 1351 3282 Mag.
1379 3199 1405 3263 J
1406 3219 1521 3263 oannes

342 3301 468 3366 Munko
492 3302 570 3369 fecit
594 3305 780 3370 oracionem
804 3304 907 3386 gratis
931 3303 965 3366 in
988 3303 1120 3368 laudem
1144 3306 1251 3371 sancti
1275 3303 1472 3388 Ladislai2).

390 3431 391 3434 ’
449 3412 521 3496 Ego
545 3412 717 3479 ‚Iohannes
740 3411 875 3496 Angrer
899 3415 960 3476 etc.
983 3410 1110 3494 reliqui,
1135 3414 1259 3480 calculo
1283 3421 1428 3498 peracta,
1459 3436 1521 3479 soc·

342 3521 462 3584 cessari
494 3524 702 3604 procuratori
735 3523 825 3605 Mag.
859 3519 1007 3586 Jobnnni
1040 3518 1209 3588 Munclruo
1242 3523 1390 3607 predicto
1413 3527 1434 3588 8
1459 3523 1521 3587 flor.

342 3628 593 3711 Hungaricales,
619 3637 637 3696 9
662 3631 731 3697 flor.
754 3631 924 3698 Renenses
948 3631 999 3696 vel
1023 3632 1081 3697 tal.
1105 3631 1431 3712 (1111.115111(1111.,
1457 3653 1522 3714 pre·

343 3739 488 3804 sentibus
512 3739 754 3806 uenerabilibus
782 3741 860 3806 viris
893 3741 983 3826 Mag.
1009 3739 1187 3807 Ambrosio
1211 3738 1324 3805 Salcer
1348 3740 1522 3824 collegiata,

247 3915 256 3938 Γ
342 3847 545 3930 Mag.Petro
556 3846 747 3932 Sempronio
764 3869 804 3913 ex
814 3848 1066 3930 Wilmanstorff,
1077 3849 1167 3931 Mag.
1177 3848 1202 3913 J
1204 3847 1305 3913 scobe
1322 3846 1520 3924 Vexillifero,

211 3913 325 4030 011111,
345 3954 436 4038 Mag.
452 3949 665 4038 Me[l]chiore
682 3953 935 4040 Oasschoviensi,
961 3979 1045 4023 anno
1062 3963 1122 4022 etc.
1141 3962 1193 4038 16,
1208 3957 1242 4020 in
1258 3956 1310 4020 die
1333 3952 1474 4020 Simonis
1494 3957 1521 4016 et

345 4063 370 4127 J
372 4063 436 4128 ude
458 4063 695 4147 Apostolorum
719 4071 780 4131 etc.

349 4172 403 4180 ..—
435 4173 563 4180 -———-

454 4209 474 4268 ¹)
493 4210 519 4259 A
537 4205 701 4260 keziretben
720 4205 855 4262 Domino.

449 4281 470 4342 ¹)
488 4281 529 4331 Itt
556 4278 663 4348 megint
690 4295 743 4353 egy
762 4280 906 4350 bejegyzes
924 4297 979 4333 ven
997 4297 1028 4334 aa
1045 4279 1159 4334 irtsban
1177 4277 1344 4332 tslhatetlcn
1362 4282 1392 4332 P.
1413 4275 1514 4331 Andro·

341 4349 481 4403 nicustol:
511 4351 595 4404 Anna
620 4351 741 4406 Domini
761 4353 840 4418 1560,
869 4351 901 4406 in
928 4353 1002 4422 festo
1029 4349 1088 4406 diei
1118 4350 1270 4416 Oolomani,
1300 4351 1402 4404 electas
1420 4348 1465 4417 sai
1482 4361 1522 4428 epp

342 4421 450 4480 Frater
465 4423 629 4478 Vincentius
640 4423 821 4478 Andronicus
833 4423 1038 4494 Traparieneie
1049 4423 1189 4479 Dalmata
1199 4422 1310 4478 ordinis
1315 4421 1520 4494 praedicatore,

343 4510 440 4548 sacrae
459 4477 610 4565 ibeolapiae
628 4499 711 4564 atque
726 4497 919 4565 philosophiae
938 4498 1040 4566 elector,
1063 4497 1095 4550 in
1113 4500 1329 4564 procuratorene
1348 4493 1521 4564 Hnnparr'rae

343 4568 470 4622 nationis
489 4568 692 4624 universitatis
716 4569 891 4637 Viennensis,
920 4570 997 4624 nibil
1015 4569 1107 4638 recepi
1122 4572 1307 4644 preterquam
1325 4567 1400 4622 lianc
1417 4566 1519 4626 libram,

343 4656 393 4694 nea
420 4641 549 4696 lactariam
576 4659 626 4696 nec
650 4643 806 4710 pecaniam
834 4659 852 4695 a
878 4643 1089 4710 praedecessore
1119 4657 1178 4696 mco
1198 4642 1282 4698 Dom.
1303 4641 1423 4696 Doctore
1441 4634 1519 4690 Paulo

345 4709 489 4784 Fabricio,
509 4713 586 4768 nibil
601 4718 732 4783 preterea
752 4714 879 4783 capanei.
